PARSE_DATE;PARSE_TIME;CLASS;DIRECTION;DEPARTURE;RETURN;CARRIER_FW;CARRIER_BW;FLIGHTS;DIRECT;CHANNEL;AGENT;FICS;FARE;TAXES;COM %;COM ABS;T%;DIS/MAR;NF%;NC%;NT%;SALE;LDIFF;MAX DIFF;NEED DIFF%;NEED DIFF;NNF%;NNC%;NNT%;FAKE/NO FARE;HIDDEN;OTA1;OTA2;OTA3;OTA1N;OTA2N;OTA3N;COUNT;MDM_MARKUP;PMODE;POS_OFFER;CARRIER_FW_VALID;CARRIER_BW_VALID;FLIGHTNUMBERS;OTT_PLACE;OTT_PRICE
2017/03/01;06:28:23;E;MOW-LED;2017-02-15;2017-03-15;U6;U6;U60079-U60080;1;skyscanner;vip-service-avl_sabre;WPRRT-WPRRT;1030;2100;0;0;0;-225;-21.84;0;-7.75;2905;0;100;10;0;;;;OK;0;OneTwoTrip;Biletix.ru;Svyaznoy Travel;2905;2974;3021;1;;auto;1;;;0079-0080;1;2905
2017/03/01;06:28:23;E;MOW-LED;2017-02-15;2017-03-15;U6;U6;U60091-U60080;1;skyscanner;vip-service-avl_sabre;WPRRT-WPRRT;1030;2100;0;0;0;-225;-21.84;0;-7.75;2905;0;100;10;0;;;;OK;0;OneTwoTrip;Biletix.ru;Svyaznoy Travel;2905;2974;3021;1;;auto;2;;;0091-0080;1;2905
2017/03/01;06:28:23;E;MOW-LED;2017-02-15;2017-03-15;N4;N4;N40167-N40148;1;skyscanner;;;;;;;;;;;;;;;;;;;;;;Kupibilet;Sindbad;ozon.travel;2970;2981;3035;1;;auto;3;;;0167-0148;;
2017/03/01;06:28:23;E;MOW-LED;2017-02-15;2017-03-15;IK;IK;IK8167-IK8148;1;skyscanner;white-travel_sirena;OSALE-OSALE;2400;540;1.69;41;0.01;33;3.06;180.79;2.47;2973;0;100;10;0;;;;OK;0;OneTwoTrip;ozon.travel;;2973;3035;;1;;auto;4;;;8167-8148;1;2973
2017/03/01;06:28:23;E;MOW-LED;2017-02-15;2017-03-15;SU;U6;SU6012-U60080;1;skyscanner;;;;;;;;;;;;;;;;;;;;;;ozon.travel;Tickets.ru;Svyaznoy Travel;3165;3194;3220;1;;auto;5;;;6012-0080;;
2017/03/01;06:28:23;E;MOW-LED;2017-02-15;2017-03-15;SU;U6;SU6016-U60080;1;skyscanner;;;;;;;;;;;;;;;;;;;;;;ozon.travel;Tickets.ru;Svyaznoy Travel;3165;3194;3220;1;;auto;6;;;6016-0080;;
2017/03/01;06:28:23;E;MOW-LED;2017-02-15;2017-03-15;U6;SU;U60079-SU6011;1;skyscanner;;;;;;;;;;;;;;;;;;;;;;ozon.travel;Tickets.ru;Svyaznoy Travel;3165;3194;3220;1;;auto;7;;;0079-6011;;
2017/03/01;06:28:23;E;MOW-LED;2017-02-15;2017-03-15;U6;SU;U60079-SU6015;1;skyscanner;;;;;;;;;;;;;;;;;;;;;;ozon.travel;Tickets.ru;Svyaznoy Travel;3165;3194;3220;1;;auto;8;;;0079-6015;;
2017/03/01;06:28:23;E;MOW-LED;2017-02-15;2017-03-15;U6;SU;U60079-SU6027;1;skyscanner;;;;;;;;;;;;;;;;;;;;;;ozon.travel;Tickets.ru;Svyaznoy Travel;3165;3194;3220;1;;auto;9;;;0079-6027;;
2017/03/01;06:28:23;E;MOW-LED;2017-02-15;2017-03-15;U6;SU;U60079-SU6013;1;skyscanner;;;;;;;;;;;;;;;;;;;;;;ozon.travel;Tickets.ru;Svyaznoy Travel;3165;3194;3220;1;;auto;10;;;0079-6013;;
2017/03/01;06:28:23;E;MOW-LED;2017-02-15;2017-03-15;U6;SU;U60079-SU6021;1;skyscanner;;;;;;;;;;;;;;;;;;;;;;ozon.travel;Tickets.ru;Svyaznoy Travel;3165;3194;3220;1;;auto;11;;;0079-6021;;
2017/03/01;06:28:23;E;MOW-LED;2017-02-15;2017-03-15;U6;SU;U60079-SU6025;1;skyscanner;;;;;;;;;;;;;;;;;;;;;;ozon.travel;Tickets.ru;Svyaznoy Travel;3165;3194;3220;1;;auto;12;;;0079-6025;;
2017/03/01;06:28:23;E;MOW-LED;2017-02-15;2017-03-15;U6;SU;U60079-SU6037;1;skyscanner;;;;;;;;;;;;;;;;;;;;;;ozon.travel;Tickets.ru;Svyaznoy Travel;3165;3194;3220;1;;auto;13;;;0079-6037;;
2017/03/01;06:28:23;E;MOW-LED;2017-02-15;2017-03-15;U6;SU;U60079-SU6031;1;skyscanner;;;;;;;;;;;;;;;;;;;;;;ozon.travel;Tickets.ru;Svyaznoy Travel;3165;3194;3220;1;;auto;14;;;0079-6031;;
2017/03/01;06:28:23;E;MOW-LED;2017-02-15;2017-03-15;U6;SU;U60079-SU6033;1;skyscanner;;;;;;;;;;;;;;;;;;;;;;ozon.travel;Tickets.ru;Svyaznoy Travel;3165;3194;3220;1;;auto;15;;;0079-6033;;
2017/03/01;06:28:23;E;MOW-LED;2017-02-15;2017-03-15;U6;SU;U60079-SU6035;1;skyscanner;;;;;;;;;;;;;;;;;;;;;;ozon.travel;Tickets.ru;Svyaznoy Travel;3165;3194;3220;1;;auto;16;;;0079-6035;;
2017/03/01;06:28:23;E;MOW-LED;2017-02-15;2017-03-15;U6;SU;U60079-SU6019;1;skyscanner;;;;;;;;;;;;;;;;;;;;;;ozon.travel;Tickets.ru;Svyaznoy Travel;3165;3194;3220;1;;auto;17;;;0079-6019;;
2017/03/01;06:28:23;E;MOW-LED;2017-02-15;2017-03-15;U6;SU;U60091-SU6011;1;skyscanner;;;;;;;;;;;;;;;;;;;;;;ozon.travel;Tickets.ru;Svyaznoy Travel;3165;3194;3220;1;;auto;18;;;0091-6011;;
2017/03/01;06:28:23;E;MOW-LED;2017-02-15;2017-03-15;U6;SU;U60091-SU6015;1;skyscanner;;;;;;;;;;;;;;;;;;;;;;ozon.travel;Tickets.ru;Svyaznoy Travel;3165;3194;3220;1;;auto;19;;;0091-6015;;
2017/03/01;06:28:23;E;MOW-LED;2017-02-15;2017-03-15;U6;SU;U60091-SU6027;1;skyscanner;;;;;;;;;;;;;;;;;;;;;;ozon.travel;Tickets.ru;Svyaznoy Travel;3165;3194;3220;1;;auto;20;;;0091-6027;;
2017/03/01;06:28:23;E;MOW-LED;2017-02-15;2017-03-15;U6;SU;U60091-SU6013;1;skyscanner;;;;;;;;;;;;;;;;;;;;;;ozon.travel;Tickets.ru;Svyaznoy Travel;3165;3194;3220;1;;auto;21;;;0091-6013;;
2017/03/01;06:28:23;E;MOW-LED;2017-02-15;2017-03-15;U6;SU;U60091-SU6021;1;skyscanner;;;;;;;;;;;;;;;;;;;;;;ozon.travel;Tickets.ru;Svyaznoy Travel;3165;3194;3220;1;;auto;22;;;0091-6021;;
2017/03/01;06:28:23;E;MOW-LED;2017-02-15;2017-03-15;U6;SU;U60091-SU6025;1;skyscanner;;;;;;;;;;;;;;;;;;;;;;ozon.travel;Tickets.ru;Svyaznoy Travel;3165;3194;3220;1;;auto;23;;;0091-6025;;
2017/03/01;06:28:23;E;MOW-LED;2017-02-15;2017-03-15;U6;SU;U60091-SU6037;1;skyscanner;;;;;;;;;;;;;;;;;;;;;;ozon.travel;Tickets.ru;Svyaznoy Travel;3165;3194;3220;1;;auto;24;;;0091-6037;;
2017/03/01;06:28:23;E;MOW-LED;2017-02-15;2017-03-15;U6;SU;U60091-SU6031;1;skyscanner;;;;;;;;;;;;;;;;;;;;;;ozon.travel;Tickets.ru;Svyaznoy Travel;3165;3194;3220;1;;auto;25;;;0091-6031;;
2017/03/01;06:28:23;E;MOW-LED;2017-02-15;2017-03-15;U6;SU;U60091-SU6033;1;skyscanner;;;;;;;;;;;;;;;;;;;;;;ozon.travel;Tickets.ru;Svyaznoy Travel;3165;3194;3220;1;;auto;26;;;0091-6033;;
2017/03/01;06:28:23;E;MOW-LED;2017-02-15;2017-03-15;U6;SU;U60091-SU6035;1;skyscanner;;;;;;;;;;;;;;;;;;;;;;ozon.travel;Tickets.ru;Svyaznoy Travel;3165;3194;3220;1;;auto;27;;;0091-6035;;
2017/03/01;06:28:23;E;MOW-LED;2017-02-15;2017-03-15;U6;SU;U60091-SU6019;1;skyscanner;;;;;;;;;;;;;;;;;;;;;;ozon.travel;Tickets.ru;Svyaznoy Travel;3165;3194;3220;1;;auto;28;;;0091-6019;;
2017/03/01;06:28:23;E;MOW-LED;2017-02-15;2017-03-15;SU;SU;SU6012-SU6011;1;skyscanner;white-travel;RSXR-RSXR;200;3000;0.42;1;0;0;0.43;101.19;0.03;3200;0;100;10;0;;;;OK;0;Aeroflot;Biletix.ru;Tickets.ru;3200;3200;3200;1;;auto;29;;;6012-6011;6;3200
2017/03/01;06:28:23;E;MOW-LED;2017-02-15;2017-03-15;SU;SU;SU6012-SU6015;1;skyscanner;white-travel;RSXR-RSXR;200;3000;0.42;1;0;0;0.43;101.19;0.03;3200;0;100;10;0;;;;OK;0;Aeroflot;Biletix.ru;Tickets.ru;3200;3200;3200;1;;auto;30;;;6012-6015;6;3200
2017/03/01;06:28:23;E;MOW-LED;2017-02-15;2017-03-15;SU;SU;SU6012-SU6027;1;skyscanner;white-travel;RSXR-RSXR;200;3000;0.42;1;0;0;0.43;101.19;0.03;3200;0;100;10;0;;;;OK;0;Aeroflot;Biletix.ru;Tickets.ru;3200;3200;3200;1;;auto;31;;;6012-6027;6;3200
2017/03/01;06:28:23;E;MOW-LED;2017-02-15;2017-03-15;SU;SU;SU6012-SU6013;1;skyscanner;white-travel;RSXR-RSXR;200;3000;0.42;1;0;0;0.43;101.19;0.03;3200;0;100;10;0;;;;OK;0;Aeroflot;Biletix.ru;Tickets.ru;3200;3200;3200;1;;auto;32;;;6012-6013;6;3200
2017/03/01;06:28:23;E;MOW-LED;2017-02-15;2017-03-15;SU;SU;SU6012-SU6021;1;skyscanner;white-travel;RSXR-RSXR;200;3000;0.42;1;0;0;0.43;101.19;0.03;3200;0;100;10;0;;;;OK;0;Aeroflot;Biletix.ru;Tickets.ru;3200;3200;3200;1;;auto;33;;;6012-6021;6;3200
2017/03/01;06:28:23;E;MOW-LED;2017-02-15;2017-03-15;SU;SU;SU6012-SU6025;1;skyscanner;white-travel;RSXR-RSXR;200;3000;0.42;1;0;0;0.43;101.19;0.03;3200;0;100;10;0;;;;OK;0;Aeroflot;Biletix.ru;Tickets.ru;3200;3200;3200;1;;auto;34;;;6012-6025;6;3200
2017/03/01;06:28:23;E;MOW-LED;2017-02-15;2017-03-15;SU;SU;SU6012-SU6037;1;skyscanner;white-travel;RSXR-RSXR;200;3000;0.42;1;0;0;0.43;101.19;0.03;3200;0;100;10;0;;;;OK;0;Aeroflot;Biletix.ru;Tickets.ru;3200;3200;3200;1;;auto;35;;;6012-6037;6;3200
2017/03/01;06:28:23;E;MOW-LED;2017-02-15;2017-03-15;SU;SU;SU6012-SU6031;1;skyscanner;white-travel;RSXR-RSXR;200;3000;0.42;1;0;0;0.43;101.19;0.03;3200;0;100;10;0;;;;OK;0;Aeroflot;Biletix.ru;Tickets.ru;3200;3200;3200;1;;auto;36;;;6012-6031;6;3200
2017/03/01;06:28:23;E;MOW-LED;2017-02-15;2017-03-15;SU;SU;SU6012-SU6033;1;skyscanner;white-travel;RSXR-RSXR;200;3000;0.42;1;0;0;0.43;101.19;0.03;3200;0;100;10;0;;;;OK;0;Aeroflot;Biletix.ru;Tickets.ru;3200;3200;3200;1;;auto;37;;;6012-6033;6;3200
2017/03/01;06:28:23;E;MOW-LED;2017-02-15;2017-03-15;SU;SU;SU6012-SU6035;1;skyscanner;white-travel;RSXR-RSXR;200;3000;0.42;1;0;0;0.43;101.19;0.03;3200;0;100;10;0;;;;OK;0;Aeroflot;Biletix.ru;Tickets.ru;3200;3200;3200;1;;auto;38;;;6012-6035;6;3200
2017/03/01;06:28:23;E;MOW-LED;2017-02-15;2017-03-15;SU;SU;SU6012-SU6019;1;skyscanner;white-travel;RSXR-RSXR;200;3000;0.42;1;0;0;0.43;101.19;0.03;3200;0;100;10;0;;;;OK;0;Aeroflot;Biletix.ru;Tickets.ru;3200;3200;3200;1;;auto;39;;;6012-6019;6;3200
2017/03/01;06:28:23;E;MOW-LED;2017-02-15;2017-03-15;SU;SU;SU6016-SU6011;1;skyscanner;white-travel;RSXR-RSXR;200;3000;0.42;1;0;0;0.43;101.19;0.03;3200;0;100;10;0;;;;OK;0;Aeroflot;Biletix.ru;Tickets.ru;3200;3200;3200;1;;auto;40;;;6016-6011;6;3200
2017/03/01;06:28:23;E;MOW-LED;2017-02-15;2017-03-15;SU;SU;SU6016-SU6015;1;skyscanner;white-travel;RSXR-RSXR;200;3000;0.42;1;0;0;0.43;101.19;0.03;3200;0;100;10;0;;;;OK;0;Aeroflot;Biletix.ru;Tickets.ru;3200;3200;3200;1;;auto;41;;;6016-6015;6;3200
2017/03/01;06:28:23;E;MOW-LED;2017-02-15;2017-03-15;SU;SU;SU6016-SU6027;1;skyscanner;white-travel;RSXR-RSXR;200;3000;0.42;1;0;0;0.43;101.19;0.03;3200;0;100;10;0;;;;OK;0;Aeroflot;Biletix.ru;Tickets.ru;3200;3200;3200;1;;auto;42;;;6016-6027;6;3200
2017/03/01;06:28:23;E;MOW-LED;2017-02-15;2017-03-15;SU;SU;SU6016-SU6013;1;skyscanner;white-travel;RSXR-RSXR;200;3000;0.42;1;0;0;0.43;101.19;0.03;3200;0;100;10;0;;;;OK;0;Aeroflot;Biletix.ru;Tickets.ru;3200;3200;3200;1;;auto;43;;;6016-6013;6;3200
2017/03/01;06:28:23;E;MOW-LED;2017-02-15;2017-03-15;SU;SU;SU6016-SU6021;1;skyscanner;white-travel;RSXR-RSXR;200;3000;0.42;1;0;0;0.43;101.19;0.03;3200;0;100;10;0;;;;OK;0;Aeroflot;Biletix.ru;Tickets.ru;3200;3200;3200;1;;auto;44;;;6016-6021;6;3200
2017/03/01;06:28:23;E;MOW-LED;2017-02-15;2017-03-15;SU;SU;SU6016-SU6025;1;skyscanner;white-travel;RSXR-RSXR;200;3000;0.42;1;0;0;0.43;101.19;0.03;3200;0;100;10;0;;;;OK;0;Aeroflot;Biletix.ru;Tickets.ru;3200;3200;3200;1;;auto;45;;;6016-6025;6;3200
2017/03/01;06:28:23;E;MOW-LED;2017-02-15;2017-03-15;SU;SU;SU6016-SU6037;1;skyscanner;white-travel;RSXR-RSXR;200;3000;0.42;1;0;0;0.43;101.19;0.03;3200;0;100;10;0;;;;OK;0;Aeroflot;Biletix.ru;Tickets.ru;3200;3200;3200;1;;auto;46;;;6016-6037;6;3200
2017/03/01;06:28:23;E;MOW-LED;2017-02-15;2017-03-15;SU;SU;SU6016-SU6031;1;skyscanner;white-travel;RSXR-RSXR;200;3000;0.42;1;0;0;0.43;101.19;0.03;3200;0;100;10;0;;;;OK;0;Aeroflot;Biletix.ru;Tickets.ru;3200;3200;3200;1;;auto;47;;;6016-6031;6;3200
2017/03/01;06:28:23;E;MOW-LED;2017-02-15;2017-03-15;SU;SU;SU6016-SU6033;1;skyscanner;white-travel;RSXR-RSXR;200;3000;0.42;1;0;0;0.43;101.19;0.03;3200;0;100;10;0;;;;OK;0;Aeroflot;Biletix.ru;Tickets.ru;3200;3200;3200;1;;auto;48;;;6016-6033;6;3200
2017/03/01;06:28:23;E;MOW-LED;2017-02-15;2017-03-15;SU;SU;SU6016-SU6035;1;skyscanner;white-travel;RSXR-RSXR;200;3000;0.42;1;0;0;0.43;101.19;0.03;3200;0;100;10;0;;;;OK;0;Aeroflot;Biletix.ru;Tickets.ru;3200;3200;3200;1;;auto;49;;;6016-6035;6;3200
2017/03/01;06:28:23;E;MOW-LED;2017-02-15;2017-03-15;SU;SU;SU6016-SU6019;1;skyscanner;white-travel;RSXR-RSXR;200;3000;0.42;1;0;0;0.43;101.19;0.03;3200;0;100;10;0;;;;OK;0;Aeroflot;Biletix.ru;Tickets.ru;3200;3200;3200;1;;auto;50;;;6016-6019;6;3200
2017/03/01;06:28:23;E;MOW-LED;2017-02-15;2017-03-15;S7;S7;S70037-S70038;1;skyscanner;vip-service-sig-avl;WBSRT-WBSRT;2200;1000;0;0;0;200;9.09;0;5.88;3400;0;100;10;0;;;;OK;0;S7 Airlines;ozon.travel;OneTwoTrip;3400;3400;3400;1;;auto;51;;;0037-0038;3;3400
2017/03/01;06:28:23;E;MOW-LED;2017-02-15;2017-03-15;S7;S7;S70037-S70016;1;skyscanner;vip-service-sig-avl;WBSRT-WBSRT;2200;1000;0;0;0;200;9.09;0;5.88;3400;0;100;10;0;;;;OK;0;S7 Airlines;ozon.travel;OneTwoTrip;3400;3400;3400;1;;auto;52;;;0037-0016;3;3400
2017/03/01;06:28:23;E;MOW-LED;2017-02-15;2017-03-15;S7;S7;S70037-S70046;1;skyscanner;vip-service-sig-avl;WBSRT-WBSRT;2200;1000;0;0;0;200;9.09;0;5.88;3400;0;100;10;0;;;;OK;0;S7 Airlines;ozon.travel;OneTwoTrip;3400;3400;3400;1;;auto;53;;;0037-0046;3;3400
2017/03/01;06:28:23;E;MOW-LED;2017-02-15;2017-03-15;S7;S7;S70037-S70040;1;skyscanner;vip-service-sig-avl;WBSRT-WBSRT;2200;1000;0;0;0;200;9.09;0;5.88;3400;0;100;10;0;;;;OK;0;S7 Airlines;ozon.travel;OneTwoTrip;3400;3400;3400;1;;auto;54;;;0037-0040;3;3400
2017/03/01;06:28:23;E;MOW-LED;2017-02-15;2017-03-15;S7;S7;S70037-S70050;1;skyscanner;vip-service-sig-avl;WBSRT-WBSRT;2200;1000;0;0;0;200;9.09;0;5.88;3400;0;100;10;0;;;;OK;0;S7 Airlines;ozon.travel;OneTwoTrip;3400;3400;3400;1;;auto;55;;;0037-0050;3;3400
2017/03/01;06:28:23;E;MOW-LED;2017-02-15;2017-03-15;S7;S7;S70037-S70044;1;skyscanner;vip-service-sig-avl;WBSRT-WBSRT;2200;1000;0;0;0;200;9.09;0;5.88;3400;0;100;10;0;;;;OK;0;S7 Airlines;ozon.travel;OneTwoTrip;3400;3400;3400;1;;auto;56;;;0037-0044;3;3400
2017/03/01;06:28:23;E;MOW-LED;2017-02-15;2017-03-15;S7;S7;S70037-S70042;1;skyscanner;vip-service-sig-avl;WBSRT-WBSRT;2200;1000;0;0;0;200;9.09;0;5.88;3400;0;100;10;0;;;;OK;0;S7 Airlines;ozon.travel;OneTwoTrip;3400;3400;3400;1;;auto;57;;;0037-0042;3;3400
2017/03/01;06:28:23;E;MOW-LED;2017-02-15;2017-03-15;S7;S7;S70015-S70038;1;skyscanner;vip-service-sig-avl;WBSRT-WBSRT;2200;1000;0;0;0;200;9.09;0;5.88;3400;0;100;10;0;;;;OK;0;S7 Airlines;ozon.travel;OneTwoTrip;3400;3400;3400;1;;auto;58;;;0015-0038;3;3400
2017/03/01;06:28:23;E;MOW-LED;2017-02-15;2017-03-15;S7;S7;S70015-S70016;1;skyscanner;vip-service-sig-avl;WBSRT-WBSRT;2200;1000;0;0;0;200;9.09;0;5.88;3400;0;100;10;0;;;;OK;0;S7 Airlines;ozon.travel;OneTwoTrip;3400;3400;3400;1;;auto;59;;;0015-0016;3;3400
2017/03/01;06:28:23;E;MOW-LED;2017-02-15;2017-03-15;S7;S7;S70015-S70046;1;skyscanner;vip-service-sig-avl;WBSRT-WBSRT;2200;1000;0;0;0;200;9.09;0;5.88;3400;0;100;10;0;;;;OK;0;S7 Airlines;ozon.travel;OneTwoTrip;3400;3400;3400;1;;auto;60;;;0015-0046;3;3400
2017/03/01;06:28:23;E;MOW-LED;2017-02-15;2017-03-15;S7;S7;S70015-S70040;1;skyscanner;vip-service-sig-avl;WBSRT-WBSRT;2200;1000;0;0;0;200;9.09;0;5.88;3400;0;100;10;0;;;;OK;0;S7 Airlines;ozon.travel;OneTwoTrip;3400;3400;3400;1;;auto;61;;;0015-0040;3;3400
2017/03/01;06:28:23;E;MOW-LED;2017-02-15;2017-03-15;S7;S7;S70015-S70050;1;skyscanner;vip-service-sig-avl;WBSRT-WBSRT;2200;1000;0;0;0;200;9.09;0;5.88;3400;0;100;10;0;;;;OK;0;S7 Airlines;ozon.travel;OneTwoTrip;3400;3400;3400;1;;auto;62;;;0015-0050;3;3400
2017/03/01;06:28:23;E;MOW-LED;2017-02-15;2017-03-15;S7;S7;S70015-S70044;1;skyscanner;vip-service-sig-avl;WBSRT-WBSRT;2200;1000;0;0;0;200;9.09;0;5.88;3400;0;100;10;0;;;;OK;0;S7 Airlines;ozon.travel;OneTwoTrip;3400;3400;3400;1;;auto;63;;;0015-0044;3;3400
2017/03/01;06:28:23;E;MOW-LED;2017-02-15;2017-03-15;S7;S7;S70015-S70042;1;skyscanner;vip-service-sig-avl;WBSRT-WBSRT;2200;1000;0;0;0;200;9.09;0;5.88;3400;0;100;10;0;;;;OK;0;S7 Airlines;ozon.travel;OneTwoTrip;3400;3400;3400;1;;auto;64;;;0015-0042;3;3400
2017/03/01;06:28:23;E;MOW-LED;2017-02-15;2017-03-15;S7;S7;S70045-S70038;1;skyscanner;vip-service-sig-avl;WBSRT-WBSRT;2200;1000;0;0;0;200;9.09;0;5.88;3400;0;100;10;0;;;;OK;0;S7 Airlines;ozon.travel;OneTwoTrip;3400;3400;3400;1;;auto;65;;;0045-0038;3;3400
2017/03/01;06:28:23;E;MOW-LED;2017-02-15;2017-03-15;S7;S7;S70045-S70016;1;skyscanner;vip-service-sig-avl;WBSRT-WBSRT;2200;1000;0;0;0;200;9.09;0;5.88;3400;0;100;10;0;;;;OK;0;S7 Airlines;ozon.travel;OneTwoTrip;3400;3400;3400;1;;auto;66;;;0045-0016;3;3400
2017/03/01;06:28:23;E;MOW-LED;2017-02-15;2017-03-15;S7;S7;S70045-S70046;1;skyscanner;vip-service-sig-avl;WBSRT-WBSRT;2200;1000;0;0;0;200;9.09;0;5.88;3400;0;100;10;0;;;;OK;0;S7 Airlines;ozon.travel;OneTwoTrip;3400;3400;3400;1;;auto;67;;;0045-0046;3;3400
2017/03/01;06:28:23;E;MOW-LED;2017-02-15;2017-03-15;S7;S7;S70045-S70040;1;skyscanner;vip-service-sig-avl;WBSRT-WBSRT;2200;1000;0;0;0;200;9.09;0;5.88;3400;0;100;10;0;;;;OK;0;S7 Airlines;ozon.travel;OneTwoTrip;3400;3400;3400;1;;auto;68;;;0045-0040;3;3400
2017/03/01;06:28:23;E;MOW-LED;2017-02-15;2017-03-15;S7;S7;S70045-S70050;1;skyscanner;vip-service-sig-avl;WBSRT-WBSRT;2200;1000;0;0;0;200;9.09;0;5.88;3400;0;100;10;0;;;;OK;0;S7 Airlines;ozon.travel;OneTwoTrip;3400;3400;3400;1;;auto;69;;;0045-0050;3;3400
2017/03/01;06:28:23;E;MOW-LED;2017-02-15;2017-03-15;S7;S7;S70045-S70044;1;skyscanner;vip-service-sig-avl;WBSRT-WBSRT;2200;1000;0;0;0;200;9.09;0;5.88;3400;0;100;10;0;;;;OK;0;S7 Airlines;ozon.travel;OneTwoTrip;3400;3400;3400;1;;auto;70;;;0045-0044;3;3400
2017/03/01;06:28:23;E;MOW-LED;2017-02-15;2017-03-15;S7;S7;S70045-S70042;1;skyscanner;vip-service-sig-avl;WBSRT-WBSRT;2200;1000;0;0;0;200;9.09;0;5.88;3400;0;100;10;0;;;;OK;0;S7 Airlines;ozon.travel;OneTwoTrip;3400;3400;3400;1;;auto;71;;;0045-0042;3;3400
2017/03/01;06:28:23;E;MOW-LED;2017-02-15;2017-03-15;S7;S7;S70039-S70038;1;skyscanner;vip-service-sig-avl;WBSRT-WBSRT;2200;1000;0;0;0;200;9.09;0;5.88;3400;0;100;10;0;;;;OK;0;S7 Airlines;ozon.travel;OneTwoTrip;3400;3400;3400;1;;auto;72;;;0039-0038;3;3400
2017/03/01;06:28:23;E;MOW-LED;2017-02-15;2017-03-15;S7;S7;S70039-S70016;1;skyscanner;vip-service-sig-avl;WBSRT-WBSRT;2200;1000;0;0;0;200;9.09;0;5.88;3400;0;100;10;0;;;;OK;0;S7 Airlines;ozon.travel;OneTwoTrip;3400;3400;3400;1;;auto;73;;;0039-0016;3;3400
2017/03/01;06:28:23;E;MOW-LED;2017-02-15;2017-03-15;S7;S7;S70039-S70046;1;skyscanner;vip-service-sig-avl;WBSRT-WBSRT;2200;1000;0;0;0;200;9.09;0;5.88;3400;0;100;10;0;;;;OK;0;S7 Airlines;ozon.travel;OneTwoTrip;3400;3400;3400;1;;auto;74;;;0039-0046;3;3400
2017/03/01;06:28:23;E;MOW-LED;2017-02-15;2017-03-15;S7;S7;S70039-S70040;1;skyscanner;vip-service-sig-avl;WBSRT-WBSRT;2200;1000;0;0;0;200;9.09;0;5.88;3400;0;100;10;0;;;;OK;0;S7 Airlines;ozon.travel;OneTwoTrip;3400;3400;3400;1;;auto;75;;;0039-0040;3;3400
2017/03/01;06:28:23;E;MOW-LED;2017-02-15;2017-03-15;S7;S7;S70039-S70050;1;skyscanner;vip-service-sig-avl;WBSRT-WBSRT;2200;1000;0;0;0;200;9.09;0;5.88;3400;0;100;10;0;;;;OK;0;S7 Airlines;ozon.travel;OneTwoTrip;3400;3400;3400;1;;auto;76;;;0039-0050;3;3400
2017/03/01;06:28:23;E;MOW-LED;2017-02-15;2017-03-15;S7;S7;S70039-S70044;1;skyscanner;vip-service-sig-avl;WBSRT-WBSRT;2200;1000;0;0;0;200;9.09;0;5.88;3400;0;100;10;0;;;;OK;0;S7 Airlines;ozon.travel;OneTwoTrip;3400;3400;3400;1;;auto;77;;;0039-0044;3;3400
2017/03/01;06:28:23;E;MOW-LED;2017-02-15;2017-03-15;S7;S7;S70039-S70042;1;skyscanner;vip-service-sig-avl;WBSRT-WBSRT;2200;1000;0;0;0;200;9.09;0;5.88;3400;0;100;10;0;;;;OK;0;S7 Airlines;ozon.travel;OneTwoTrip;3400;3400;3400;1;;auto;78;;;0039-0042;3;3400
2017/03/01;06:28:23;E;MOW-LED;2017-02-15;2017-03-15;S7;S7;S70043-S70038;1;skyscanner;vip-service-sig-avl;WBSRT-WBSRT;2200;1000;0;0;0;200;9.09;0;5.88;3400;0;100;10;0;;;;OK;0;S7 Airlines;ozon.travel;OneTwoTrip;3400;3400;3400;1;;auto;79;;;0043-0038;3;3400
2017/03/01;06:28:23;E;MOW-LED;2017-02-15;2017-03-15;S7;S7;S70043-S70016;1;skyscanner;vip-service-sig-avl;WBSRT-WBSRT;2200;1000;0;0;0;200;9.09;0;5.88;3400;0;100;10;0;;;;OK;0;S7 Airlines;ozon.travel;OneTwoTrip;3400;3400;3400;1;;auto;80;;;0043-0016;3;3400
2017/03/01;06:28:23;E;MOW-LED;2017-02-15;2017-03-15;S7;S7;S70043-S70046;1;skyscanner;vip-service-sig-avl;WBSRT-WBSRT;2200;1000;0;0;0;200;9.09;0;5.88;3400;0;100;10;0;;;;OK;0;S7 Airlines;ozon.travel;OneTwoTrip;3400;3400;3400;1;;auto;81;;;0043-0046;3;3400
2017/03/01;06:28:23;E;MOW-LED;2017-02-15;2017-03-15;S7;S7;S70043-S70040;1;skyscanner;vip-service-sig-avl;WBSRT-WBSRT;2200;1000;0;0;0;200;9.09;0;5.88;3400;0;100;10;0;;;;OK;0;S7 Airlines;ozon.travel;OneTwoTrip;3400;3400;3400;1;;auto;82;;;0043-0040;3;3400
2017/03/01;06:28:23;E;MOW-LED;2017-02-15;2017-03-15;S7;S7;S70043-S70050;1;skyscanner;vip-service-sig-avl;WBSRT-WBSRT;2200;1000;0;0;0;200;9.09;0;5.88;3400;0;100;10;0;;;;OK;0;S7 Airlines;ozon.travel;OneTwoTrip;3400;3400;3400;1;;auto;83;;;0043-0050;3;3400
2017/03/01;06:28:23;E;MOW-LED;2017-02-15;2017-03-15;S7;S7;S70043-S70044;1;skyscanner;vip-service-sig-avl;WBSRT-WBSRT;2200;1000;0;0;0;200;9.09;0;5.88;3400;0;100;10;0;;;;OK;0;S7 Airlines;ozon.travel;OneTwoTrip;3400;3400;3400;1;;auto;84;;;0043-0044;3;3400
2017/03/01;06:28:23;E;MOW-LED;2017-02-15;2017-03-15;S7;S7;S70043-S70042;1;skyscanner;vip-service-sig-avl;WBSRT-WBSRT;2200;1000;0;0;0;200;9.09;0;5.88;3400;0;100;10;0;;;;OK;0;S7 Airlines;ozon.travel;OneTwoTrip;3400;3400;3400;1;;auto;85;;;0043-0042;3;3400
2017/03/01;06:28:23;E;MOW-LED;2017-02-15;2017-03-15;SU;U6;SU0004-U60080;1;skyscanner;;;;;;;;;;;;;;;;;;;;;;ozon.travel;Tickets.ru;Svyaznoy Travel;3440;3482;3510;1;;auto;86;;;0004-0080;;
2017/03/01;06:28:23;E;MOW-LED;2017-02-15;2017-03-15;SU;U6;SU0006-U60080;1;skyscanner;;;;;;;;;;;;;;;;;;;;;;ozon.travel;Tickets.ru;Svyaznoy Travel;3440;3482;3510;1;;auto;87;;;0006-0080;;
2017/03/01;06:28:23;E;MOW-LED;2017-02-15;2017-03-15;SU;U6;SU0010-U60080;1;skyscanner;;;;;;;;;;;;;;;;;;;;;;ozon.travel;Tickets.ru;Svyaznoy Travel;3440;3482;3510;1;;auto;88;;;0010-0080;;
2017/03/01;06:28:23;E;MOW-LED;2017-02-15;2017-03-15;SU;U6;SU0012-U60080;1;skyscanner;;;;;;;;;;;;;;;;;;;;;;ozon.travel;Tickets.ru;Svyaznoy Travel;3440;3482;3510;1;;auto;89;;;0012-0080;;
2017/03/01;06:28:23;E;MOW-LED;2017-02-15;2017-03-15;U6;SU;U60079-SU0037;1;skyscanner;;;;;;;;;;;;;;;;;;;;;;ozon.travel;Tickets.ru;Svyaznoy Travel;3440;3482;3510;1;;auto;90;;;0079-0037;;
2017/03/01;06:28:23;E;MOW-LED;2017-02-15;2017-03-15;U6;SU;U60079-SU0035;1;skyscanner;;;;;;;;;;;;;;;;;;;;;;ozon.travel;Tickets.ru;Svyaznoy Travel;3440;3482;3510;1;;auto;91;;;0079-0035;;
2017/03/01;06:28:23;E;MOW-LED;2017-02-15;2017-03-15;U6;SU;U60079-SU0033;1;skyscanner;;;;;;;;;;;;;;;;;;;;;;ozon.travel;Tickets.ru;Svyaznoy Travel;3440;3482;3510;1;;auto;92;;;0079-0033;;
2017/03/01;06:28:23;E;MOW-LED;2017-02-15;2017-03-15;U6;SU;U60079-SU0005;1;skyscanner;;;;;;;;;;;;;;;;;;;;;;ozon.travel;Tickets.ru;Svyaznoy Travel;3440;3482;3510;1;;auto;93;;;0079-0005;;
2017/03/01;06:28:23;E;MOW-LED;2017-02-15;2017-03-15;U6;SU;U60079-SU0007;1;skyscanner;;;;;;;;;;;;;;;;;;;;;;ozon.travel;Tickets.ru;Svyaznoy Travel;3440;3482;3510;1;;auto;94;;;0079-0007;;
2017/03/01;06:28:23;E;MOW-LED;2017-02-15;2017-03-15;U6;SU;U60079-SU0011;1;skyscanner;;;;;;;;;;;;;;;;;;;;;;ozon.travel;Tickets.ru;Svyaznoy Travel;3440;3482;3510;1;;auto;95;;;0079-0011;;
2017/03/01;06:28:23;E;MOW-LED;2017-02-15;2017-03-15;U6;SU;U60079-SU0013;1;skyscanner;;;;;;;;;;;;;;;;;;;;;;ozon.travel;Tickets.ru;Svyaznoy Travel;3440;3482;3510;1;;auto;96;;;0079-0013;;
2017/03/01;06:28:23;E;MOW-LED;2017-02-15;2017-03-15;U6;SU;U60079-SU0015;1;skyscanner;;;;;;;;;;;;;;;;;;;;;;ozon.travel;Tickets.ru;Svyaznoy Travel;3440;3482;3510;1;;auto;97;;;0079-0015;;
2017/03/01;06:28:23;E;MOW-LED;2017-02-15;2017-03-15;U6;SU;U60079-SU0017;1;skyscanner;;;;;;;;;;;;;;;;;;;;;;ozon.travel;Tickets.ru;Svyaznoy Travel;3440;3482;3510;1;;auto;98;;;0079-0017;;
2017/03/01;06:28:23;E;MOW-LED;2017-02-15;2017-03-15;U6;SU;U60079-SU0043;1;skyscanner;;;;;;;;;;;;;;;;;;;;;;ozon.travel;Tickets.ru;Svyaznoy Travel;3440;3482;3510;1;;auto;99;;;0079-0043;;
2017/03/01;06:28:23;E;MOW-LED;2017-02-15;2017-03-15;U6;SU;U60079-SU0019;1;skyscanner;;;;;;;;;;;;;;;;;;;;;;ozon.travel;Tickets.ru;Svyaznoy Travel;3440;3482;3510;1;;auto;100;;;0079-0019;;
2017/03/01;06:28:23;E;MOW-LED;2017-02-15;2017-03-15;U6;SU;U60079-SU0039;1;skyscanner;;;;;;;;;;;;;;;;;;;;;;ozon.travel;Tickets.ru;Svyaznoy Travel;3440;3482;3510;1;;auto;101;;;0079-0039;;
2017/03/01;06:28:23;E;MOW-LED;2017-02-15;2017-03-15;U6;SU;U60079-SU0021;1;skyscanner;;;;;;;;;;;;;;;;;;;;;;ozon.travel;City.Travel;;3440;4112;;1;;auto;102;;;0079-0021;;
2017/03/01;06:28:23;E;MOW-LED;2017-02-15;2017-03-15;U6;SU;U60079-SU0023;1;skyscanner;;;;;;;;;;;;;;;;;;;;;;ozon.travel;Tickets.ru;Svyaznoy Travel;3440;3482;3510;1;;auto;103;;;0079-0023;;
2017/03/01;06:28:23;E;MOW-LED;2017-02-15;2017-03-15;U6;SU;U60079-SU0045;1;skyscanner;;;;;;;;;;;;;;;;;;;;;;ozon.travel;Tickets.ru;Svyaznoy Travel;3440;3482;3510;1;;auto;104;;;0079-0045;;
2017/03/01;06:28:23;E;MOW-LED;2017-02-15;2017-03-15;U6;SU;U60079-SU0025;1;skyscanner;;;;;;;;;;;;;;;;;;;;;;ozon.travel;Tickets.ru;Svyaznoy Travel;3440;3482;3510;1;;auto;105;;;0079-0025;;
2017/03/01;06:28:23;E;MOW-LED;2017-02-15;2017-03-15;U6;SU;U60079-SU0027;1;skyscanner;;;;;;;;;;;;;;;;;;;;;;ozon.travel;Tickets.ru;Svyaznoy Travel;3440;3482;3510;1;;auto;106;;;0079-0027;;
2017/03/01;06:28:23;E;MOW-LED;2017-02-15;2017-03-15;U6;SU;U60079-SU0029;1;skyscanner;;;;;;;;;;;;;;;;;;;;;;ozon.travel;Tickets.ru;Svyaznoy Travel;3440;3482;3510;1;;auto;107;;;0079-0029;;
2017/03/01;06:28:23;E;MOW-LED;2017-02-15;2017-03-15;U6;SU;U60079-SU0031;1;skyscanner;;;;;;;;;;;;;;;;;;;;;;ozon.travel;Tickets.ru;Svyaznoy Travel;3440;3482;3510;1;;auto;108;;;0079-0031;;
2017/03/01;06:28:23;E;MOW-LED;2017-02-15;2017-03-15;U6;SU;U60079-SU0047;1;skyscanner;;;;;;;;;;;;;;;;;;;;;;ozon.travel;Tickets.ru;Svyaznoy Travel;3440;3482;3510;1;;auto;109;;;0079-0047;;
2017/03/01;06:28:23;E;MOW-LED;2017-02-15;2017-03-15;SU;U6;SU0014-U60080;1;skyscanner;;;;;;;;;;;;;;;;;;;;;;ozon.travel;Tickets.ru;Svyaznoy Travel;3440;3482;3510;1;;auto;110;;;0014-0080;;
2017/03/01;06:28:23;E;MOW-LED;2017-02-15;2017-03-15;SU;U6;SU0016-U60080;1;skyscanner;;;;;;;;;;;;;;;;;;;;;;ozon.travel;Tickets.ru;City.Travel;3440;3868;4112;1;;auto;111;;;0016-0080;;
2017/03/01;06:28:23;E;MOW-LED;2017-02-15;2017-03-15;SU;U6;SU0042-U60080;1;skyscanner;;;;;;;;;;;;;;;;;;;;;;ozon.travel;Tickets.ru;City.Travel;3440;3868;4112;1;;auto;112;;;0042-0080;;
2017/03/01;06:28:23;E;MOW-LED;2017-02-15;2017-03-15;SU;U6;SU0038-U60080;1;skyscanner;;;;;;;;;;;;;;;;;;;;;;ozon.travel;Tickets.ru;Svyaznoy Travel;3440;3482;3510;1;;auto;113;;;0038-0080;;
2017/03/01;06:28:23;E;MOW-LED;2017-02-15;2017-03-15;SU;U6;SU0020-U60080;1;skyscanner;;;;;;;;;;;;;;;;;;;;;;ozon.travel;Tickets.ru;City.Travel;3440;3868;4112;1;;auto;114;;;0020-0080;;
2017/03/01;06:28:23;E;MOW-LED;2017-02-15;2017-03-15;SU;U6;SU0022-U60080;1;skyscanner;;;;;;;;;;;;;;;;;;;;;;ozon.travel;Tickets.ru;City.Travel;3440;3868;4112;1;;auto;115;;;0022-0080;;
2017/03/01;06:28:23;E;MOW-LED;2017-02-15;2017-03-15;SU;U6;SU0044-U60080;1;skyscanner;;;;;;;;;;;;;;;;;;;;;;ozon.travel;Tickets.ru;City.Travel;3440;3868;4112;1;;auto;116;;;0044-0080;;
2017/03/01;06:28:23;E;MOW-LED;2017-02-15;2017-03-15;SU;U6;SU0024-U60080;1;skyscanner;;;;;;;;;;;;;;;;;;;;;;ozon.travel;Tickets.ru;Svyaznoy Travel;3440;3482;3510;1;;auto;117;;;0024-0080;;
2017/03/01;06:28:23;E;MOW-LED;2017-02-15;2017-03-15;U6;SU;U60091-SU0037;1;skyscanner;;;;;;;;;;;;;;;;;;;;;;ozon.travel;Tickets.ru;Svyaznoy Travel;3440;3482;3510;1;;auto;118;;;0091-0037;;
2017/03/01;06:28:23;E;MOW-LED;2017-02-15;2017-03-15;U6;SU;U60091-SU0035;1;skyscanner;;;;;;;;;;;;;;;;;;;;;;ozon.travel;Tickets.ru;Svyaznoy Travel;3440;3482;3510;1;;auto;119;;;0091-0035;;
2017/03/01;06:28:23;E;MOW-LED;2017-02-15;2017-03-15;U6;SU;U60091-SU0033;1;skyscanner;;;;;;;;;;;;;;;;;;;;;;ozon.travel;Tickets.ru;Svyaznoy Travel;3440;3482;3510;1;;auto;120;;;0091-0033;;
2017/03/01;06:28:23;E;MOW-LED;2017-02-15;2017-03-15;U6;SU;U60091-SU0005;1;skyscanner;;;;;;;;;;;;;;;;;;;;;;ozon.travel;Tickets.ru;Svyaznoy Travel;3440;3482;3510;1;;auto;121;;;0091-0005;;
2017/03/01;06:28:23;E;MOW-LED;2017-02-15;2017-03-15;U6;SU;U60091-SU0007;1;skyscanner;;;;;;;;;;;;;;;;;;;;;;ozon.travel;Tickets.ru;Svyaznoy Travel;3440;3482;3510;1;;auto;122;;;0091-0007;;
2017/03/01;06:28:23;E;MOW-LED;2017-02-15;2017-03-15;U6;SU;U60091-SU0011;1;skyscanner;;;;;;;;;;;;;;;;;;;;;;ozon.travel;Tickets.ru;Svyaznoy Travel;3440;3482;3510;1;;auto;123;;;0091-0011;;
2017/03/01;06:28:23;E;MOW-LED;2017-02-15;2017-03-15;U6;SU;U60091-SU0013;1;skyscanner;;;;;;;;;;;;;;;;;;;;;;ozon.travel;Tickets.ru;Svyaznoy Travel;3440;3482;3510;1;;auto;124;;;0091-0013;;
2017/03/01;06:28:23;E;MOW-LED;2017-02-15;2017-03-15;U6;SU;U60091-SU0015;1;skyscanner;;;;;;;;;;;;;;;;;;;;;;ozon.travel;Tickets.ru;Svyaznoy Travel;3440;3482;3510;1;;auto;125;;;0091-0015;;
2017/03/01;06:28:23;E;MOW-LED;2017-02-15;2017-03-15;U6;SU;U60091-SU0017;1;skyscanner;;;;;;;;;;;;;;;;;;;;;;ozon.travel;Tickets.ru;Svyaznoy Travel;3440;3482;3510;1;;auto;126;;;0091-0017;;
2017/03/01;06:28:23;E;MOW-LED;2017-02-15;2017-03-15;U6;SU;U60091-SU0043;1;skyscanner;;;;;;;;;;;;;;;;;;;;;;ozon.travel;Tickets.ru;Svyaznoy Travel;3440;3482;3510;1;;auto;127;;;0091-0043;;
2017/03/01;06:28:23;E;MOW-LED;2017-02-15;2017-03-15;U6;SU;U60091-SU0019;1;skyscanner;;;;;;;;;;;;;;;;;;;;;;ozon.travel;Tickets.ru;Svyaznoy Travel;3440;3482;3510;1;;auto;128;;;0091-0019;;
2017/03/01;06:28:23;E;MOW-LED;2017-02-15;2017-03-15;U6;SU;U60091-SU0039;1;skyscanner;;;;;;;;;;;;;;;;;;;;;;ozon.travel;Tickets.ru;Svyaznoy Travel;3440;3482;3510;1;;auto;129;;;0091-0039;;
2017/03/01;06:28:23;E;MOW-LED;2017-02-15;2017-03-15;U6;SU;U60091-SU0021;1;skyscanner;;;;;;;;;;;;;;;;;;;;;;ozon.travel;City.Travel;;3440;4112;;1;;auto;130;;;0091-0021;;
2017/03/01;06:28:23;E;MOW-LED;2017-02-15;2017-03-15;U6;SU;U60091-SU0023;1;skyscanner;;;;;;;;;;;;;;;;;;;;;;ozon.travel;Tickets.ru;Svyaznoy Travel;3440;3482;3510;1;;auto;131;;;0091-0023;;
2017/03/01;06:28:23;E;MOW-LED;2017-02-15;2017-03-15;U6;SU;U60091-SU0045;1;skyscanner;;;;;;;;;;;;;;;;;;;;;;ozon.travel;Tickets.ru;Svyaznoy Travel;3440;3482;3510;1;;auto;132;;;0091-0045;;
2017/03/01;06:28:23;E;MOW-LED;2017-02-15;2017-03-15;U6;SU;U60091-SU0025;1;skyscanner;;;;;;;;;;;;;;;;;;;;;;ozon.travel;Tickets.ru;Svyaznoy Travel;3440;3482;3510;1;;auto;133;;;0091-0025;;
2017/03/01;06:28:23;E;MOW-LED;2017-02-15;2017-03-15;U6;SU;U60091-SU0027;1;skyscanner;;;;;;;;;;;;;;;;;;;;;;ozon.travel;Tickets.ru;Svyaznoy Travel;3440;3482;3510;1;;auto;134;;;0091-0027;;
2017/03/01;06:28:23;E;MOW-LED;2017-02-15;2017-03-15;U6;SU;U60091-SU0029;1;skyscanner;;;;;;;;;;;;;;;;;;;;;;ozon.travel;Tickets.ru;Svyaznoy Travel;3440;3482;3510;1;;auto;135;;;0091-0029;;
2017/03/01;06:28:23;E;MOW-LED;2017-02-15;2017-03-15;U6;SU;U60091-SU0031;1;skyscanner;;;;;;;;;;;;;;;;;;;;;;ozon.travel;Tickets.ru;Svyaznoy Travel;3440;3482;3510;1;;auto;136;;;0091-0031;;
2017/03/01;06:28:23;E;MOW-LED;2017-02-15;2017-03-15;U6;SU;U60091-SU0047;1;skyscanner;;;;;;;;;;;;;;;;;;;;;;ozon.travel;Tickets.ru;Svyaznoy Travel;3440;3482;3510;1;;auto;137;;;0091-0047;;
2017/03/01;06:28:23;E;MOW-LED;2017-02-15;2017-03-15;SU;U6;SU0026-U60080;1;skyscanner;;;;;;;;;;;;;;;;;;;;;;ozon.travel;City.Travel;;3440;4112;;1;;auto;138;;;0026-0080;;
2017/03/01;06:28:23;E;MOW-LED;2017-02-15;2017-03-15;SU;U6;SU0046-U60080;1;skyscanner;;;;;;;;;;;;;;;;;;;;;;ozon.travel;City.Travel;;3440;4112;;1;;auto;139;;;0046-0080;;
2017/03/01;06:28:23;E;MOW-LED;2017-02-15;2017-03-15;SU;U6;SU0034-U60080;1;skyscanner;;;;;;;;;;;;;;;;;;;;;;ozon.travel;Tickets.ru;Svyaznoy Travel;3440;3482;3510;1;;auto;140;;;0034-0080;;
2017/03/01;06:28:23;E;MOW-LED;2017-02-15;2017-03-15;NN;U6;NN0775-U60080;1;skyscanner;;;;;;;;;;;;;;;;;;;;;;ozon.travel;City.Travel;;3455;4201;;1;;auto;141;;;0775-0080;;
2017/03/01;06:28:23;E;MOW-LED;2017-02-15;2017-03-15;SU;SU;SU6012-SU0037;1;skyscanner;white-travel;RSXR-RSXR;475;3000;0.18;1;0;0;0.18;99.42;0.02;3475;0;100;10;0;;;;OK;0;Aeroflot;Tickets.ru;Kupibilet;3475;3475;3475;1;;auto;142;;;6012-0037;;
2017/03/01;06:28:23;E;MOW-LED;2017-02-15;2017-03-15;SU;SU;SU6012-SU0035;1;skyscanner;white-travel;RSXR-RSXR;475;3000;0.18;1;0;0;0.18;99.42;0.02;3475;0;100;10;0;;;;OK;0;Aeroflot;Kupibilet;ozon.travel;3475;3475;3475;1;;auto;143;;;6012-0035;;
2017/03/01;06:28:23;E;MOW-LED;2017-02-15;2017-03-15;SU;SU;SU6012-SU0033;1;skyscanner;white-travel;RSXR-RSXR;475;3000;0.18;1;0;0;0.18;99.42;0.02;3475;0;100;10;0;;;;OK;0;Aeroflot;Tickets.ru;Kupibilet;3475;3475;3475;1;;auto;144;;;6012-0033;;
2017/03/01;06:28:23;E;MOW-LED;2017-02-15;2017-03-15;SU;SU;SU6012-SU0005;1;skyscanner;white-travel;RSXR-RSXR;475;3000;0.18;1;0;0;0.18;99.42;0.02;3475;0;100;10;0;;;;OK;0;Aeroflot;Tickets.ru;Kupibilet;3475;3475;3475;1;;auto;145;;;6012-0005;;
2017/03/01;06:28:23;E;MOW-LED;2017-02-15;2017-03-15;SU;SU;SU6012-SU0007;1;skyscanner;white-travel;RSXR-RSXR;475;3000;0.18;1;0;0;0.18;99.42;0.02;3475;0;100;10;0;;;;OK;0;Aeroflot;Kupibilet;ozon.travel;3475;3475;3475;1;;auto;146;;;6012-0007;;
2017/03/01;06:28:23;E;MOW-LED;2017-02-15;2017-03-15;SU;SU;SU6012-SU0011;1;skyscanner;white-travel;RSXR-RSXR;475;3000;0.18;1;0;0;0.18;99.42;0.02;3475;0;100;10;0;;;;OK;0;Aeroflot;Kupibilet;ozon.travel;3475;3475;3475;1;;auto;147;;;6012-0011;;
2017/03/01;06:28:23;E;MOW-LED;2017-02-15;2017-03-15;SU;SU;SU6012-SU0013;1;skyscanner;white-travel;RSXR-RSXR;475;3000;0.18;1;0;0;0.18;99.42;0.02;3475;0;100;10;0;;;;OK;0;Aeroflot;Kupibilet;ozon.travel;3475;3475;3475;1;;auto;148;;;6012-0013;;
2017/03/01;06:28:23;E;MOW-LED;2017-02-15;2017-03-15;SU;SU;SU6012-SU0015;1;skyscanner;white-travel;RSXR-RSXR;475;3000;0.18;1;0;0;0.18;99.42;0.02;3475;0;100;10;0;;;;OK;0;Aeroflot;Kupibilet;ozon.travel;3475;3475;3475;1;;auto;149;;;6012-0015;;
2017/03/01;06:28:23;E;MOW-LED;2017-02-15;2017-03-15;SU;SU;SU6012-SU0017;1;skyscanner;white-travel;RSXR-RSXR;475;3000;0.18;1;0;0;0.18;99.42;0.02;3475;0;100;10;0;;;;OK;0;Aeroflot;Kupibilet;ozon.travel;3475;3475;3475;1;;auto;150;;;6012-0017;;
2017/03/01;06:28:23;E;MOW-LED;2017-02-15;2017-03-15;SU;SU;SU6012-SU0043;1;skyscanner;white-travel;RSXR-RSXR;475;3000;0.18;1;0;0;0.18;99.42;0.02;3475;0;100;10;0;;;;OK;0;Aeroflot;Kupibilet;ozon.travel;3475;3475;3475;1;;auto;151;;;6012-0043;;
2017/03/01;06:28:23;E;MOW-LED;2017-02-15;2017-03-15;SU;SU;SU6012-SU0019;1;skyscanner;white-travel;RSXR-RSXR;475;3000;0.18;1;0;0;0.18;99.42;0.02;3475;0;100;10;0;;;;OK;0;Aeroflot;Kupibilet;ozon.travel;3475;3475;3475;1;;auto;152;;;6012-0019;;
2017/03/01;06:28:23;E;MOW-LED;2017-02-15;2017-03-15;SU;SU;SU6012-SU0039;1;skyscanner;white-travel;RSXR-RSXR;475;3000;0.18;1;0;0;0.18;99.42;0.02;3475;0;100;10;0;;;;OK;0;Aeroflot;Kupibilet;ozon.travel;3475;3475;3475;1;;auto;153;;;6012-0039;;
2017/03/01;06:28:23;E;MOW-LED;2017-02-15;2017-03-15;SU;SU;SU6012-SU0021;1;skyscanner;white-travel;RSXR-RSXR;475;3000;0.18;1;0;0;0.18;99.42;0.02;3475;0;100;10;0;;;;OK;0;Aeroflot;Kupibilet;ozon.travel;3475;3475;3475;1;;auto;154;;;6012-0021;;
2017/03/01;06:28:23;E;MOW-LED;2017-02-15;2017-03-15;SU;SU;SU6012-SU0023;1;skyscanner;white-travel;RSXR-RSXR;475;3000;0.18;1;0;0;0.18;99.42;0.02;3475;0;100;10;0;;;;OK;0;Aeroflot;Kupibilet;ozon.travel;3475;3475;3475;1;;auto;155;;;6012-0023;;
2017/03/01;06:28:23;E;MOW-LED;2017-02-15;2017-03-15;SU;SU;SU6012-SU0045;1;skyscanner;white-travel;RSXR-RSXR;475;3000;0.18;1;0;0;0.18;99.42;0.02;3475;0;100;10;0;;;;OK;0;Aeroflot;Kupibilet;ozon.travel;3475;3475;3475;1;;auto;156;;;6012-0045;;
2017/03/01;06:28:23;E;MOW-LED;2017-02-15;2017-03-15;SU;SU;SU6012-SU0025;1;skyscanner;white-travel;RSXR-RSXR;475;3000;0.18;1;0;0;0.18;99.42;0.02;3475;0;100;10;0;;;;OK;0;Aeroflot;Kupibilet;ozon.travel;3475;3475;3475;1;;auto;157;;;6012-0025;;
2017/03/01;06:28:23;E;MOW-LED;2017-02-15;2017-03-15;SU;SU;SU6012-SU0027;1;skyscanner;white-travel;RSXR-RSXR;475;3000;0.18;1;0;0;0.18;99.42;0.02;3475;0;100;10;0;;;;OK;0;Aeroflot;Kupibilet;ozon.travel;3475;3475;3475;1;;auto;158;;;6012-0027;;
2017/03/01;06:28:23;E;MOW-LED;2017-02-15;2017-03-15;SU;SU;SU6012-SU0029;1;skyscanner;white-travel;RSXR-RSXR;475;3000;0.18;1;0;0;0.18;99.42;0.02;3475;0;100;10;0;;;;OK;0;Aeroflot;Kupibilet;ozon.travel;3475;3475;3475;1;;auto;159;;;6012-0029;;
2017/03/01;06:28:23;E;MOW-LED;2017-02-15;2017-03-15;SU;SU;SU6012-SU0031;1;skyscanner;white-travel;RSXR-RSXR;475;3000;0.18;1;0;0;0.18;99.42;0.02;3475;0;100;10;0;;;;OK;0;Aeroflot;Kupibilet;ozon.travel;3475;3475;3475;1;;auto;160;;;6012-0031;;
2017/03/01;06:28:23;E;MOW-LED;2017-02-15;2017-03-15;SU;SU;SU6012-SU0047;1;skyscanner;white-travel;RSXR-RSXR;475;3000;0.18;1;0;0;0.18;99.42;0.02;3475;0;100;10;0;;;;OK;0;Aeroflot;Kupibilet;ozon.travel;3475;3475;3475;1;;auto;161;;;6012-0047;;
2017/03/01;06:28:23;E;MOW-LED;2017-02-15;2017-03-15;SU;SU;SU0004-SU6011;1;skyscanner;white-travel;RSXR-RSXR;475;3000;0.18;1;0;0;0.18;99.42;0.02;3475;0;100;10;0;;;;OK;0;Aeroflot;Tickets.ru;Kupibilet;3475;3475;3475;1;;auto;162;;;0004-6011;;
2017/03/01;06:28:23;E;MOW-LED;2017-02-15;2017-03-15;SU;SU;SU0004-SU6015;1;skyscanner;white-travel;RSXR-RSXR;475;3000;0.18;1;0;0;0.18;99.42;0.02;3475;0;100;10;0;;;;OK;0;Aeroflot;Tickets.ru;Kupibilet;3475;3475;3475;1;;auto;163;;;0004-6015;;
2017/03/01;06:28:23;E;MOW-LED;2017-02-15;2017-03-15;SU;SU;SU0004-SU6027;1;skyscanner;white-travel;RSXR-RSXR;475;3000;0.18;1;0;0;0.18;99.42;0.02;3475;0;100;10;0;;;;OK;0;Aeroflot;Tickets.ru;Kupibilet;3475;3475;3475;1;;auto;164;;;0004-6027;;
2017/03/01;06:28:23;E;MOW-LED;2017-02-15;2017-03-15;SU;SU;SU0004-SU6013;1;skyscanner;white-travel;RSXR-RSXR;475;3000;0.18;1;0;0;0.18;99.42;0.02;3475;0;100;10;0;;;;OK;0;Aeroflot;Tickets.ru;Kupibilet;3475;3475;3475;1;;auto;165;;;0004-6013;;
2017/03/01;06:28:23;E;MOW-LED;2017-02-15;2017-03-15;SU;SU;SU0004-SU6021;1;skyscanner;white-travel;RSXR-RSXR;475;3000;0.18;1;0;0;0.18;99.42;0.02;3475;0;100;10;0;;;;OK;0;Aeroflot;Tickets.ru;Kupibilet;3475;3475;3475;1;;auto;166;;;0004-6021;;
2017/03/01;06:28:23;E;MOW-LED;2017-02-15;2017-03-15;SU;SU;SU0004-SU6025;1;skyscanner;white-travel;RSXR-RSXR;475;3000;0.18;1;0;0;0.18;99.42;0.02;3475;0;100;10;0;;;;OK;0;Aeroflot;Tickets.ru;Kupibilet;3475;3475;3475;1;;auto;167;;;0004-6025;;
2017/03/01;06:28:23;E;MOW-LED;2017-02-15;2017-03-15;SU;SU;SU0004-SU6037;1;skyscanner;white-travel;RSXR-RSXR;475;3000;0.18;1;0;0;0.18;99.42;0.02;3475;0;100;10;0;;;;OK;0;Aeroflot;Tickets.ru;Kupibilet;3475;3475;3475;1;;auto;168;;;0004-6037;;
2017/03/01;06:28:23;E;MOW-LED;2017-02-15;2017-03-15;SU;SU;SU0004-SU6031;1;skyscanner;white-travel;RSXR-RSXR;475;3000;0.18;1;0;0;0.18;99.42;0.02;3475;0;100;10;0;;;;OK;0;Aeroflot;Tickets.ru;Kupibilet;3475;3475;3475;1;;auto;169;;;0004-6031;;
2017/03/01;06:28:23;E;MOW-LED;2017-02-15;2017-03-15;SU;SU;SU0004-SU6033;1;skyscanner;white-travel;RSXR-RSXR;475;3000;0.18;1;0;0;0.18;99.42;0.02;3475;0;100;10;0;;;;OK;0;Aeroflot;Tickets.ru;Kupibilet;3475;3475;3475;1;;auto;170;;;0004-6033;;
2017/03/01;06:28:23;E;MOW-LED;2017-02-15;2017-03-15;SU;SU;SU0004-SU6035;1;skyscanner;white-travel;RSXR-RSXR;475;3000;0.18;1;0;0;0.18;99.42;0.02;3475;0;100;10;0;;;;OK;0;Aeroflot;Tickets.ru;Kupibilet;3475;3475;3475;1;;auto;171;;;0004-6035;;
2017/03/01;06:28:23;E;MOW-LED;2017-02-15;2017-03-15;SU;SU;SU0004-SU6019;1;skyscanner;white-travel;RSXR-RSXR;475;3000;0.18;1;0;0;0.18;99.42;0.02;3475;0;100;10;0;;;;OK;0;Aeroflot;Tickets.ru;Kupibilet;3475;3475;3475;1;;auto;172;;;0004-6019;;
2017/03/01;06:28:23;E;MOW-LED;2017-02-15;2017-03-15;SU;SU;SU0006-SU6011;1;skyscanner;white-travel;RSXR-RSXR;475;3000;0.18;1;0;0;0.18;99.42;0.02;3475;0;100;10;0;;;;OK;0;Aeroflot;Tickets.ru;Kupibilet;3475;3475;3475;1;;auto;173;;;0006-6011;;
2017/03/01;06:28:23;E;MOW-LED;2017-02-15;2017-03-15;SU;SU;SU0006-SU6015;1;skyscanner;white-travel;RSXR-RSXR;475;3000;0.18;1;0;0;0.18;99.42;0.02;3475;0;100;10;0;;;;OK;0;Aeroflot;Tickets.ru;Kupibilet;3475;3475;3475;1;;auto;174;;;0006-6015;;
2017/03/01;06:28:23;E;MOW-LED;2017-02-15;2017-03-15;SU;SU;SU0006-SU6027;1;skyscanner;white-travel;RSXR-RSXR;475;3000;0.18;1;0;0;0.18;99.42;0.02;3475;0;100;10;0;;;;OK;0;Aeroflot;Tickets.ru;Kupibilet;3475;3475;3475;1;;auto;175;;;0006-6027;;
2017/03/01;06:28:23;E;MOW-LED;2017-02-15;2017-03-15;SU;SU;SU0006-SU6013;1;skyscanner;white-travel;RSXR-RSXR;475;3000;0.18;1;0;0;0.18;99.42;0.02;3475;0;100;10;0;;;;OK;0;Aeroflot;Tickets.ru;Kupibilet;3475;3475;3475;1;;auto;176;;;0006-6013;;
2017/03/01;06:28:23;E;MOW-LED;2017-02-15;2017-03-15;SU;SU;SU0006-SU6021;1;skyscanner;white-travel;RSXR-RSXR;475;3000;0.18;1;0;0;0.18;99.42;0.02;3475;0;100;10;0;;;;OK;0;Aeroflot;Tickets.ru;Kupibilet;3475;3475;3475;1;;auto;177;;;0006-6021;;
2017/03/01;06:28:23;E;MOW-LED;2017-02-15;2017-03-15;SU;SU;SU0006-SU6025;1;skyscanner;white-travel;RSXR-RSXR;475;3000;0.18;1;0;0;0.18;99.42;0.02;3475;0;100;10;0;;;;OK;0;Aeroflot;Tickets.ru;Kupibilet;3475;3475;3475;1;;auto;178;;;0006-6025;;
2017/03/01;06:28:23;E;MOW-LED;2017-02-15;2017-03-15;SU;SU;SU0006-SU6037;1;skyscanner;white-travel;RSXR-RSXR;475;3000;0.18;1;0;0;0.18;99.42;0.02;3475;0;100;10;0;;;;OK;0;Aeroflot;Tickets.ru;Kupibilet;3475;3475;3475;1;;auto;179;;;0006-6037;;
2017/03/01;06:28:23;E;MOW-LED;2017-02-15;2017-03-15;SU;SU;SU0006-SU6031;1;skyscanner;white-travel;RSXR-RSXR;475;3000;0.18;1;0;0;0.18;99.42;0.02;3475;0;100;10;0;;;;OK;0;Aeroflot;Tickets.ru;Kupibilet;3475;3475;3475;1;;auto;180;;;0006-6031;;
2017/03/01;06:28:23;E;MOW-LED;2017-02-15;2017-03-15;SU;SU;SU0006-SU6033;1;skyscanner;white-travel;RSXR-RSXR;475;3000;0.18;1;0;0;0.18;99.42;0.02;3475;0;100;10;0;;;;OK;0;Aeroflot;Tickets.ru;Kupibilet;3475;3475;3475;1;;auto;181;;;0006-6033;;
2017/03/01;06:28:23;E;MOW-LED;2017-02-15;2017-03-15;SU;SU;SU0006-SU6035;1;skyscanner;white-travel;RSXR-RSXR;475;3000;0.18;1;0;0;0.18;99.42;0.02;3475;0;100;10;0;;;;OK;0;Aeroflot;Tickets.ru;Kupibilet;3475;3475;3475;1;;auto;182;;;0006-6035;;
2017/03/01;06:28:23;E;MOW-LED;2017-02-15;2017-03-15;SU;SU;SU0006-SU6019;1;skyscanner;white-travel;RSXR-RSXR;475;3000;0.18;1;0;0;0.18;99.42;0.02;3475;0;100;10;0;;;;OK;0;Aeroflot;Tickets.ru;Kupibilet;3475;3475;3475;1;;auto;183;;;0006-6019;;
2017/03/01;06:28:23;E;MOW-LED;2017-02-15;2017-03-15;SU;SU;SU6016-SU0037;1;skyscanner;white-travel;RSXR-RSXR;475;3000;0.18;1;0;0;0.18;99.42;0.02;3475;0;100;10;0;;;;OK;0;Aeroflot;Tickets.ru;Kupibilet;3475;3475;3475;1;;auto;184;;;6016-0037;;
2017/03/01;06:28:23;E;MOW-LED;2017-02-15;2017-03-15;SU;SU;SU6016-SU0035;1;skyscanner;white-travel;RSXR-RSXR;475;3000;0.18;1;0;0;0.18;99.42;0.02;3475;0;100;10;0;;;;OK;0;Aeroflot;Kupibilet;ozon.travel;3475;3475;3475;1;;auto;185;;;6016-0035;;
2017/03/01;06:28:23;E;MOW-LED;2017-02-15;2017-03-15;SU;SU;SU6016-SU0033;1;skyscanner;white-travel;RSXR-RSXR;475;3000;0.18;1;0;0;0.18;99.42;0.02;3475;0;100;10;0;;;;OK;0;Aeroflot;Tickets.ru;Kupibilet;3475;3475;3475;1;;auto;186;;;6016-0033;;
2017/03/01;06:28:23;E;MOW-LED;2017-02-15;2017-03-15;SU;SU;SU6016-SU0005;1;skyscanner;white-travel;RSXR-RSXR;475;3000;0.18;1;0;0;0.18;99.42;0.02;3475;0;100;10;0;;;;OK;0;Aeroflot;Tickets.ru;Kupibilet;3475;3475;3475;1;;auto;187;;;6016-0005;;
2017/03/01;06:28:23;E;MOW-LED;2017-02-15;2017-03-15;SU;SU;SU6016-SU0007;1;skyscanner;white-travel;RSXR-RSXR;475;3000;0.18;1;0;0;0.18;99.42;0.02;3475;0;100;10;0;;;;OK;0;Aeroflot;Kupibilet;ozon.travel;3475;3475;3475;1;;auto;188;;;6016-0007;;
2017/03/01;06:28:23;E;MOW-LED;2017-02-15;2017-03-15;SU;SU;SU6016-SU0011;1;skyscanner;white-travel;RSXR-RSXR;475;3000;0.18;1;0;0;0.18;99.42;0.02;3475;0;100;10;0;;;;OK;0;Aeroflot;Kupibilet;ozon.travel;3475;3475;3475;1;;auto;189;;;6016-0011;;
2017/03/01;06:28:23;E;MOW-LED;2017-02-15;2017-03-15;SU;SU;SU6016-SU0013;1;skyscanner;white-travel;RSXR-RSXR;475;3000;0.18;1;0;0;0.18;99.42;0.02;3475;0;100;10;0;;;;OK;0;Aeroflot;Kupibilet;ozon.travel;3475;3475;3475;1;;auto;190;;;6016-0013;;
2017/03/01;06:28:23;E;MOW-LED;2017-02-15;2017-03-15;SU;SU;SU6016-SU0015;1;skyscanner;white-travel;RSXR-RSXR;475;3000;0.18;1;0;0;0.18;99.42;0.02;3475;0;100;10;0;;;;OK;0;Aeroflot;Kupibilet;ozon.travel;3475;3475;3475;1;;auto;191;;;6016-0015;;
2017/03/01;06:28:23;E;MOW-LED;2017-02-15;2017-03-15;SU;SU;SU6016-SU0017;1;skyscanner;white-travel;RSXR-RSXR;475;3000;0.18;1;0;0;0.18;99.42;0.02;3475;0;100;10;0;;;;OK;0;Aeroflot;Kupibilet;ozon.travel;3475;3475;3475;1;;auto;192;;;6016-0017;;
2017/03/01;06:28:23;E;MOW-LED;2017-02-15;2017-03-15;SU;SU;SU6016-SU0043;1;skyscanner;white-travel;RSXR-RSXR;475;3000;0.18;1;0;0;0.18;99.42;0.02;3475;0;100;10;0;;;;OK;0;Aeroflot;Kupibilet;ozon.travel;3475;3475;3475;1;;auto;193;;;6016-0043;;
2017/03/01;06:28:23;E;MOW-LED;2017-02-15;2017-03-15;SU;SU;SU6016-SU0019;1;skyscanner;white-travel;RSXR-RSXR;475;3000;0.18;1;0;0;0.18;99.42;0.02;3475;0;100;10;0;;;;OK;0;Aeroflot;Kupibilet;ozon.travel;3475;3475;3475;1;;auto;194;;;6016-0019;;
2017/03/01;06:28:23;E;MOW-LED;2017-02-15;2017-03-15;SU;SU;SU6016-SU0039;1;skyscanner;white-travel;RSXR-RSXR;475;3000;0.18;1;0;0;0.18;99.42;0.02;3475;0;100;10;0;;;;OK;0;Aeroflot;Kupibilet;ozon.travel;3475;3475;3475;1;;auto;195;;;6016-0039;;
2017/03/01;06:28:23;E;MOW-LED;2017-02-15;2017-03-15;SU;SU;SU6016-SU0021;1;skyscanner;white-travel;RSXR-RSXR;475;3000;0.18;1;0;0;0.18;99.42;0.02;3475;0;100;10;0;;;;OK;0;Aeroflot;Kupibilet;ozon.travel;3475;3475;3475;1;;auto;196;;;6016-0021;;
2017/03/01;06:28:23;E;MOW-LED;2017-02-15;2017-03-15;SU;SU;SU6016-SU0023;1;skyscanner;white-travel;RSXR-RSXR;475;3000;0.18;1;0;0;0.18;99.42;0.02;3475;0;100;10;0;;;;OK;0;Aeroflot;Kupibilet;ozon.travel;3475;3475;3475;1;;auto;197;;;6016-0023;;
2017/03/01;06:28:23;E;MOW-LED;2017-02-15;2017-03-15;SU;SU;SU6016-SU0045;1;skyscanner;white-travel;RSXR-RSXR;475;3000;0.18;1;0;0;0.18;99.42;0.02;3475;0;100;10;0;;;;OK;0;Aeroflot;Kupibilet;ozon.travel;3475;3475;3475;1;;auto;198;;;6016-0045;;
2017/03/01;06:28:23;E;MOW-LED;2017-02-15;2017-03-15;SU;SU;SU6016-SU0025;1;skyscanner;white-travel;RSXR-RSXR;475;3000;0.18;1;0;0;0.18;99.42;0.02;3475;0;100;10;0;;;;OK;0;Aeroflot;Kupibilet;ozon.travel;3475;3475;3475;1;;auto;199;;;6016-0025;;
2017/03/01;06:28:23;E;MOW-LED;2017-02-15;2017-03-15;SU;SU;SU6016-SU0027;1;skyscanner;white-travel;RSXR-RSXR;475;3000;0.18;1;0;0;0.18;99.42;0.02;3475;0;100;10;0;;;;OK;0;Aeroflot;Kupibilet;ozon.travel;3475;3475;3475;1;;auto;200;;;6016-0027;;
2017/03/01;06:28:23;E;MOW-LED;2017-02-15;2017-03-15;SU;SU;SU6016-SU0029;1;skyscanner;white-travel;RSXR-RSXR;475;3000;0.18;1;0;0;0.18;99.42;0.02;3475;0;100;10;0;;;;OK;0;Aeroflot;Kupibilet;ozon.travel;3475;3475;3475;1;;auto;201;;;6016-0029;;
2017/03/01;06:28:23;E;MOW-LED;2017-02-15;2017-03-15;SU;SU;SU6016-SU0031;1;skyscanner;white-travel;RSXR-RSXR;475;3000;0.18;1;0;0;0.18;99.42;0.02;3475;0;100;10;0;;;;OK;0;Aeroflot;Kupibilet;ozon.travel;3475;3475;3475;1;;auto;202;;;6016-0031;;
2017/03/01;06:28:23;E;MOW-LED;2017-02-15;2017-03-15;SU;SU;SU6016-SU0047;1;skyscanner;white-travel;RSXR-RSXR;475;3000;0.18;1;0;0;0.18;99.42;0.02;3475;0;100;10;0;;;;OK;0;Aeroflot;Kupibilet;ozon.travel;3475;3475;3475;1;;auto;203;;;6016-0047;;
2017/03/01;06:28:23;E;MOW-LED;2017-02-15;2017-03-15;SU;SU;SU0010-SU6011;1;skyscanner;white-travel;RSXR-RSXR;475;3000;0.18;1;0;0;0.18;99.42;0.02;3475;0;100;10;0;;;;OK;0;Aeroflot;Tickets.ru;Kupibilet;3475;3475;3475;1;;auto;204;;;0010-6011;;
2017/03/01;06:28:23;E;MOW-LED;2017-02-15;2017-03-15;SU;SU;SU0010-SU6015;1;skyscanner;white-travel;RSXR-RSXR;475;3000;0.18;1;0;0;0.18;99.42;0.02;3475;0;100;10;0;;;;OK;0;Aeroflot;Tickets.ru;Kupibilet;3475;3475;3475;1;;auto;205;;;0010-6015;;
2017/03/01;06:28:23;E;MOW-LED;2017-02-15;2017-03-15;SU;SU;SU0010-SU6027;1;skyscanner;white-travel;RSXR-RSXR;475;3000;0.18;1;0;0;0.18;99.42;0.02;3475;0;100;10;0;;;;OK;0;Aeroflot;Tickets.ru;Kupibilet;3475;3475;3475;1;;auto;206;;;0010-6027;;
2017/03/01;06:28:23;E;MOW-LED;2017-02-15;2017-03-15;SU;SU;SU0010-SU6013;1;skyscanner;white-travel;RSXR-RSXR;475;3000;0.18;1;0;0;0.18;99.42;0.02;3475;0;100;10;0;;;;OK;0;Aeroflot;Tickets.ru;Kupibilet;3475;3475;3475;1;;auto;207;;;0010-6013;;
2017/03/01;06:28:23;E;MOW-LED;2017-02-15;2017-03-15;SU;SU;SU0010-SU6021;1;skyscanner;white-travel;RSXR-RSXR;475;3000;0.18;1;0;0;0.18;99.42;0.02;3475;0;100;10;0;;;;OK;0;Aeroflot;Tickets.ru;Kupibilet;3475;3475;3475;1;;auto;208;;;0010-6021;;
2017/03/01;06:28:23;E;MOW-LED;2017-02-15;2017-03-15;SU;SU;SU0010-SU6025;1;skyscanner;white-travel;RSXR-RSXR;475;3000;0.18;1;0;0;0.18;99.42;0.02;3475;0;100;10;0;;;;OK;0;Aeroflot;Tickets.ru;Kupibilet;3475;3475;3475;1;;auto;209;;;0010-6025;;
2017/03/01;06:28:23;E;MOW-LED;2017-02-15;2017-03-15;SU;SU;SU0010-SU6037;1;skyscanner;white-travel;RSXR-RSXR;475;3000;0.18;1;0;0;0.18;99.42;0.02;3475;0;100;10;0;;;;OK;0;Aeroflot;Tickets.ru;Kupibilet;3475;3475;3475;1;;auto;210;;;0010-6037;;
2017/03/01;06:28:23;E;MOW-LED;2017-02-15;2017-03-15;SU;SU;SU0010-SU6031;1;skyscanner;white-travel;RSXR-RSXR;475;3000;0.18;1;0;0;0.18;99.42;0.02;3475;0;100;10;0;;;;OK;0;Aeroflot;Tickets.ru;Kupibilet;3475;3475;3475;1;;auto;211;;;0010-6031;;
2017/03/01;06:28:23;E;MOW-LED;2017-02-15;2017-03-15;SU;SU;SU0010-SU6033;1;skyscanner;white-travel;RSXR-RSXR;475;3000;0.18;1;0;0;0.18;99.42;0.02;3475;0;100;10;0;;;;OK;0;Aeroflot;Tickets.ru;Kupibilet;3475;3475;3475;1;;auto;212;;;0010-6033;;
2017/03/01;06:28:23;E;MOW-LED;2017-02-15;2017-03-15;SU;SU;SU0010-SU6035;1;skyscanner;white-travel;RSXR-RSXR;475;3000;0.18;1;0;0;0.18;99.42;0.02;3475;0;100;10;0;;;;OK;0;Aeroflot;Tickets.ru;Kupibilet;3475;3475;3475;1;;auto;213;;;0010-6035;;
2017/03/01;06:28:23;E;MOW-LED;2017-02-15;2017-03-15;SU;SU;SU0010-SU6019;1;skyscanner;white-travel;RSXR-RSXR;475;3000;0.18;1;0;0;0.18;99.42;0.02;3475;0;100;10;0;;;;OK;0;Aeroflot;Tickets.ru;Kupibilet;3475;3475;3475;1;;auto;214;;;0010-6019;;
2017/03/01;06:28:23;E;MOW-LED;2017-02-15;2017-03-15;SU;SU;SU0012-SU6011;1;skyscanner;white-travel;RSXR-RSXR;475;3000;0.18;1;0;0;0.18;99.42;0.02;3475;0;100;10;0;;;;OK;0;Aeroflot;Tickets.ru;Kupibilet;3475;3475;3475;1;;auto;215;;;0012-6011;;
2017/03/01;06:28:23;E;MOW-LED;2017-02-15;2017-03-15;SU;SU;SU0012-SU6015;1;skyscanner;white-travel;RSXR-RSXR;475;3000;0.18;1;0;0;0.18;99.42;0.02;3475;0;100;10;0;;;;OK;0;Aeroflot;Tickets.ru;Kupibilet;3475;3475;3475;1;;auto;216;;;0012-6015;;
2017/03/01;06:28:23;E;MOW-LED;2017-02-15;2017-03-15;SU;SU;SU0012-SU6027;1;skyscanner;white-travel;RSXR-RSXR;475;3000;0.18;1;0;0;0.18;99.42;0.02;3475;0;100;10;0;;;;OK;0;Aeroflot;Tickets.ru;Kupibilet;3475;3475;3475;1;;auto;217;;;0012-6027;;
2017/03/01;06:28:23;E;MOW-LED;2017-02-15;2017-03-15;SU;SU;SU0012-SU6013;1;skyscanner;white-travel;RSXR-RSXR;475;3000;0.18;1;0;0;0.18;99.42;0.02;3475;0;100;10;0;;;;OK;0;Aeroflot;Tickets.ru;Kupibilet;3475;3475;3475;1;;auto;218;;;0012-6013;;
2017/03/01;06:28:23;E;MOW-LED;2017-02-15;2017-03-15;SU;SU;SU0012-SU6021;1;skyscanner;white-travel;RSXR-RSXR;475;3000;0.18;1;0;0;0.18;99.42;0.02;3475;0;100;10;0;;;;OK;0;Aeroflot;Tickets.ru;Kupibilet;3475;3475;3475;1;;auto;219;;;0012-6021;;
2017/03/01;06:28:23;E;MOW-LED;2017-02-15;2017-03-15;SU;SU;SU0012-SU6025;1;skyscanner;white-travel;RSXR-RSXR;475;3000;0.18;1;0;0;0.18;99.42;0.02;3475;0;100;10;0;;;;OK;0;Aeroflot;Tickets.ru;Kupibilet;3475;3475;3475;1;;auto;220;;;0012-6025;;
2017/03/01;06:28:23;E;MOW-LED;2017-02-15;2017-03-15;SU;SU;SU0012-SU6037;1;skyscanner;white-travel;RSXR-RSXR;475;3000;0.18;1;0;0;0.18;99.42;0.02;3475;0;100;10;0;;;;OK;0;Aeroflot;Tickets.ru;Kupibilet;3475;3475;3475;1;;auto;221;;;0012-6037;;
2017/03/01;06:28:23;E;MOW-LED;2017-02-15;2017-03-15;SU;SU;SU0012-SU6031;1;skyscanner;white-travel;RSXR-RSXR;475;3000;0.18;1;0;0;0.18;99.42;0.02;3475;0;100;10;0;;;;OK;0;Aeroflot;Tickets.ru;Kupibilet;3475;3475;3475;1;;auto;222;;;0012-6031;;
2017/03/01;06:28:23;E;MOW-LED;2017-02-15;2017-03-15;SU;SU;SU0012-SU6033;1;skyscanner;white-travel;RSXR-RSXR;475;3000;0.18;1;0;0;0.18;99.42;0.02;3475;0;100;10;0;;;;OK;0;Aeroflot;Tickets.ru;Kupibilet;3475;3475;3475;1;;auto;223;;;0012-6033;;
2017/03/01;06:28:23;E;MOW-LED;2017-02-15;2017-03-15;SU;SU;SU0012-SU6035;1;skyscanner;white-travel;RSXR-RSXR;475;3000;0.18;1;0;0;0.18;99.42;0.02;3475;0;100;10;0;;;;OK;0;Aeroflot;Tickets.ru;Kupibilet;3475;3475;3475;1;;auto;224;;;0012-6035;;
2017/03/01;06:28:23;E;MOW-LED;2017-02-15;2017-03-15;SU;SU;SU0012-SU6019;1;skyscanner;white-travel;RSXR-RSXR;475;3000;0.18;1;0;0;0.18;99.42;0.02;3475;0;100;10;0;;;;OK;0;Aeroflot;Tickets.ru;Kupibilet;3475;3475;3475;1;;auto;225;;;0012-6019;;
2017/03/01;06:28:23;E;MOW-LED;2017-02-15;2017-03-15;SU;SU;SU0014-SU6011;1;skyscanner;white-travel;RSXR-RSXR;475;3000;0.18;1;0;0;0.18;99.42;0.02;3475;0;100;10;0;;;;OK;0;Aeroflot;Tickets.ru;Kupibilet;3475;3475;3475;1;;auto;226;;;0014-6011;;
2017/03/01;06:28:23;E;MOW-LED;2017-02-15;2017-03-15;SU;SU;SU0014-SU6015;1;skyscanner;white-travel;RSXR-RSXR;475;3000;0.18;1;0;0;0.18;99.42;0.02;3475;0;100;10;0;;;;OK;0;Aeroflot;Tickets.ru;Kupibilet;3475;3475;3475;1;;auto;227;;;0014-6015;;
2017/03/01;06:28:23;E;MOW-LED;2017-02-15;2017-03-15;SU;SU;SU0014-SU6027;1;skyscanner;white-travel;RSXR-RSXR;475;3000;0.18;1;0;0;0.18;99.42;0.02;3475;0;100;10;0;;;;OK;0;Aeroflot;Tickets.ru;Kupibilet;3475;3475;3475;1;;auto;228;;;0014-6027;;
2017/03/01;06:28:23;E;MOW-LED;2017-02-15;2017-03-15;SU;SU;SU0014-SU6013;1;skyscanner;white-travel;RSXR-RSXR;475;3000;0.18;1;0;0;0.18;99.42;0.02;3475;0;100;10;0;;;;OK;0;Aeroflot;Tickets.ru;Kupibilet;3475;3475;3475;1;;auto;229;;;0014-6013;;
2017/03/01;06:28:23;E;MOW-LED;2017-02-15;2017-03-15;SU;SU;SU0014-SU6021;1;skyscanner;white-travel;RSXR-RSXR;475;3000;0.18;1;0;0;0.18;99.42;0.02;3475;0;100;10;0;;;;OK;0;Aeroflot;Tickets.ru;Kupibilet;3475;3475;3475;1;;auto;230;;;0014-6021;;
2017/03/01;06:28:23;E;MOW-LED;2017-02-15;2017-03-15;SU;SU;SU0014-SU6025;1;skyscanner;white-travel;RSXR-RSXR;475;3000;0.18;1;0;0;0.18;99.42;0.02;3475;0;100;10;0;;;;OK;0;Aeroflot;Tickets.ru;Kupibilet;3475;3475;3475;1;;auto;231;;;0014-6025;;
2017/03/01;06:28:23;E;MOW-LED;2017-02-15;2017-03-15;SU;SU;SU0014-SU6037;1;skyscanner;white-travel;RSXR-RSXR;475;3000;0.18;1;0;0;0.18;99.42;0.02;3475;0;100;10;0;;;;OK;0;Aeroflot;Tickets.ru;Kupibilet;3475;3475;3475;1;;auto;232;;;0014-6037;;
2017/03/01;06:28:23;E;MOW-LED;2017-02-15;2017-03-15;SU;SU;SU0014-SU6031;1;skyscanner;white-travel;RSXR-RSXR;475;3000;0.18;1;0;0;0.18;99.42;0.02;3475;0;100;10;0;;;;OK;0;Aeroflot;Tickets.ru;Kupibilet;3475;3475;3475;1;;auto;233;;;0014-6031;;
2017/03/01;06:28:23;E;MOW-LED;2017-02-15;2017-03-15;SU;SU;SU0014-SU6033;1;skyscanner;white-travel;RSXR-RSXR;475;3000;0.18;1;0;0;0.18;99.42;0.02;3475;0;100;10;0;;;;OK;0;Aeroflot;Tickets.ru;Kupibilet;3475;3475;3475;1;;auto;234;;;0014-6033;;
2017/03/01;06:28:23;E;MOW-LED;2017-02-15;2017-03-15;SU;SU;SU0014-SU6035;1;skyscanner;white-travel;RSXR-RSXR;475;3000;0.18;1;0;0;0.18;99.42;0.02;3475;0;100;10;0;;;;OK;0;Aeroflot;Tickets.ru;Kupibilet;3475;3475;3475;1;;auto;235;;;0014-6035;;
2017/03/01;06:28:23;E;MOW-LED;2017-02-15;2017-03-15;SU;SU;SU0014-SU6019;1;skyscanner;white-travel;RSXR-RSXR;475;3000;0.18;1;0;0;0.18;99.42;0.02;3475;0;100;10;0;;;;OK;0;Aeroflot;Tickets.ru;Kupibilet;3475;3475;3475;1;;auto;236;;;0014-6019;;
2017/03/01;06:28:23;E;MOW-LED;2017-02-15;2017-03-15;SU;SU;SU0016-SU6011;1;skyscanner;white-travel;RSXR-RSXR;475;3000;0.18;1;0;0;0.18;99.42;0.02;3475;0;100;10;0;;;;OK;0;Aeroflot;Kupibilet;ozon.travel;3475;3475;3475;1;;auto;237;;;0016-6011;;
2017/03/01;06:28:23;E;MOW-LED;2017-02-15;2017-03-15;SU;SU;SU0016-SU6015;1;skyscanner;white-travel;RSXR-RSXR;475;3000;0.18;1;0;0;0.18;99.42;0.02;3475;0;100;10;0;;;;OK;0;Aeroflot;Kupibilet;ozon.travel;3475;3475;3475;1;;auto;238;;;0016-6015;;
2017/03/01;06:28:23;E;MOW-LED;2017-02-15;2017-03-15;SU;SU;SU0016-SU6027;1;skyscanner;white-travel;RSXR-RSXR;475;3000;0.18;1;0;0;0.18;99.42;0.02;3475;0;100;10;0;;;;OK;0;Aeroflot;Kupibilet;ozon.travel;3475;3475;3475;1;;auto;239;;;0016-6027;;
2017/03/01;06:28:23;E;MOW-LED;2017-02-15;2017-03-15;SU;SU;SU0016-SU6013;1;skyscanner;white-travel;RSXR-RSXR;475;3000;0.18;1;0;0;0.18;99.42;0.02;3475;0;100;10;0;;;;OK;0;Aeroflot;Kupibilet;ozon.travel;3475;3475;3475;1;;auto;240;;;0016-6013;;
2017/03/01;06:28:23;E;MOW-LED;2017-02-15;2017-03-15;SU;SU;SU0016-SU6021;1;skyscanner;white-travel;RSXR-RSXR;475;3000;0.18;1;0;0;0.18;99.42;0.02;3475;0;100;10;0;;;;OK;0;Aeroflot;Kupibilet;ozon.travel;3475;3475;3475;1;;auto;241;;;0016-6021;;
2017/03/01;06:28:23;E;MOW-LED;2017-02-15;2017-03-15;SU;SU;SU0016-SU6025;1;skyscanner;white-travel;RSXR-RSXR;475;3000;0.18;1;0;0;0.18;99.42;0.02;3475;0;100;10;0;;;;OK;0;Aeroflot;Kupibilet;ozon.travel;3475;3475;3475;1;;auto;242;;;0016-6025;;
2017/03/01;06:28:23;E;MOW-LED;2017-02-15;2017-03-15;SU;SU;SU0016-SU6037;1;skyscanner;white-travel;RSXR-RSXR;475;3000;0.18;1;0;0;0.18;99.42;0.02;3475;0;100;10;0;;;;OK;0;Aeroflot;Kupibilet;ozon.travel;3475;3475;3475;1;;auto;243;;;0016-6037;;
2017/03/01;06:28:23;E;MOW-LED;2017-02-15;2017-03-15;SU;SU;SU0016-SU6031;1;skyscanner;white-travel;RSXR-RSXR;475;3000;0.18;1;0;0;0.18;99.42;0.02;3475;0;100;10;0;;;;OK;0;Aeroflot;Kupibilet;ozon.travel;3475;3475;3475;1;;auto;244;;;0016-6031;;
2017/03/01;06:28:23;E;MOW-LED;2017-02-15;2017-03-15;SU;SU;SU0016-SU6033;1;skyscanner;white-travel;RSXR-RSXR;475;3000;0.18;1;0;0;0.18;99.42;0.02;3475;0;100;10;0;;;;OK;0;Aeroflot;Kupibilet;ozon.travel;3475;3475;3475;1;;auto;245;;;0016-6033;;
2017/03/01;06:28:23;E;MOW-LED;2017-02-15;2017-03-15;SU;SU;SU0016-SU6035;1;skyscanner;white-travel;RSXR-RSXR;475;3000;0.18;1;0;0;0.18;99.42;0.02;3475;0;100;10;0;;;;OK;0;Aeroflot;Kupibilet;ozon.travel;3475;3475;3475;1;;auto;246;;;0016-6035;;
2017/03/01;06:28:23;E;MOW-LED;2017-02-15;2017-03-15;SU;SU;SU0016-SU6019;1;skyscanner;white-travel;RSXR-RSXR;475;3000;0.18;1;0;0;0.18;99.42;0.02;3475;0;100;10;0;;;;OK;0;Aeroflot;Kupibilet;ozon.travel;3475;3475;3475;1;;auto;247;;;0016-6019;;
2017/03/01;06:28:23;E;MOW-LED;2017-02-15;2017-03-15;SU;SU;SU0042-SU6011;1;skyscanner;white-travel;RSXR-RSXR;475;3000;0.18;1;0;0;0.18;99.42;0.02;3475;0;100;10;0;;;;OK;0;Aeroflot;Kupibilet;ozon.travel;3475;3475;3475;1;;auto;248;;;0042-6011;;
2017/03/01;06:28:23;E;MOW-LED;2017-02-15;2017-03-15;SU;SU;SU0042-SU6015;1;skyscanner;white-travel;RSXR-RSXR;475;3000;0.18;1;0;0;0.18;99.42;0.02;3475;0;100;10;0;;;;OK;0;Aeroflot;Kupibilet;ozon.travel;3475;3475;3475;1;;auto;249;;;0042-6015;;
2017/03/01;06:28:23;E;MOW-LED;2017-02-15;2017-03-15;SU;SU;SU0042-SU6027;1;skyscanner;white-travel;RSXR-RSXR;475;3000;0.18;1;0;0;0.18;99.42;0.02;3475;0;100;10;0;;;;OK;0;Aeroflot;Kupibilet;ozon.travel;3475;3475;3475;1;;auto;250;;;0042-6027;;
2017/03/01;06:28:23;E;MOW-LED;2017-02-15;2017-03-15;SU;SU;SU0042-SU6013;1;skyscanner;white-travel;RSXR-RSXR;475;3000;0.18;1;0;0;0.18;99.42;0.02;3475;0;100;10;0;;;;OK;0;Aeroflot;Kupibilet;ozon.travel;3475;3475;3475;1;;auto;251;;;0042-6013;;
2017/03/01;06:28:23;E;MOW-LED;2017-02-15;2017-03-15;SU;SU;SU0042-SU6021;1;skyscanner;white-travel;RSXR-RSXR;475;3000;0.18;1;0;0;0.18;99.42;0.02;3475;0;100;10;0;;;;OK;0;Aeroflot;Kupibilet;ozon.travel;3475;3475;3475;1;;auto;252;;;0042-6021;;
2017/03/01;06:28:23;E;MOW-LED;2017-02-15;2017-03-15;SU;SU;SU0042-SU6025;1;skyscanner;white-travel;RSXR-RSXR;475;3000;0.18;1;0;0;0.18;99.42;0.02;3475;0;100;10;0;;;;OK;0;Aeroflot;Kupibilet;ozon.travel;3475;3475;3475;1;;auto;253;;;0042-6025;;
2017/03/01;06:28:23;E;MOW-LED;2017-02-15;2017-03-15;SU;SU;SU0042-SU6037;1;skyscanner;white-travel;RSXR-RSXR;475;3000;0.18;1;0;0;0.18;99.42;0.02;3475;0;100;10;0;;;;OK;0;Aeroflot;Kupibilet;ozon.travel;3475;3475;3475;1;;auto;254;;;0042-6037;;
2017/03/01;06:28:23;E;MOW-LED;2017-02-15;2017-03-15;SU;SU;SU0042-SU6031;1;skyscanner;white-travel;RSXR-RSXR;475;3000;0.18;1;0;0;0.18;99.42;0.02;3475;0;100;10;0;;;;OK;0;Aeroflot;Kupibilet;ozon.travel;3475;3475;3475;1;;auto;255;;;0042-6031;;
2017/03/01;06:28:23;E;MOW-LED;2017-02-15;2017-03-15;SU;SU;SU0042-SU6033;1;skyscanner;white-travel;RSXR-RSXR;475;3000;0.18;1;0;0;0.18;99.42;0.02;3475;0;100;10;0;;;;OK;0;Aeroflot;Kupibilet;ozon.travel;3475;3475;3475;1;;auto;256;;;0042-6033;;
2017/03/01;06:28:23;E;MOW-LED;2017-02-15;2017-03-15;SU;SU;SU0042-SU6035;1;skyscanner;white-travel;RSXR-RSXR;475;3000;0.18;1;0;0;0.18;99.42;0.02;3475;0;100;10;0;;;;OK;0;Aeroflot;Kupibilet;ozon.travel;3475;3475;3475;1;;auto;257;;;0042-6035;;
2017/03/01;06:28:23;E;MOW-LED;2017-02-15;2017-03-15;SU;SU;SU0042-SU6019;1;skyscanner;white-travel;RSXR-RSXR;475;3000;0.18;1;0;0;0.18;99.42;0.02;3475;0;100;10;0;;;;OK;0;Aeroflot;Kupibilet;ozon.travel;3475;3475;3475;1;;auto;258;;;0042-6019;;
2017/03/01;06:28:23;E;MOW-LED;2017-02-15;2017-03-15;SU;SU;SU0038-SU6011;1;skyscanner;white-travel;RSXR-RSXR;475;3000;0.18;1;0;0;0.18;99.42;0.02;3475;0;100;10;0;;;;OK;0;Aeroflot;Tickets.ru;Kupibilet;3475;3475;3475;1;;auto;259;;;0038-6011;;
2017/03/01;06:28:23;E;MOW-LED;2017-02-15;2017-03-15;SU;SU;SU0038-SU6015;1;skyscanner;white-travel;RSXR-RSXR;475;3000;0.18;1;0;0;0.18;99.42;0.02;3475;0;100;10;0;;;;OK;0;Aeroflot;Tickets.ru;Kupibilet;3475;3475;3475;1;;auto;260;;;0038-6015;;
2017/03/01;06:28:23;E;MOW-LED;2017-02-15;2017-03-15;SU;SU;SU0038-SU6027;1;skyscanner;white-travel;RSXR-RSXR;475;3000;0.18;1;0;0;0.18;99.42;0.02;3475;0;100;10;0;;;;OK;0;Aeroflot;Tickets.ru;Kupibilet;3475;3475;3475;1;;auto;261;;;0038-6027;;
2017/03/01;06:28:23;E;MOW-LED;2017-02-15;2017-03-15;SU;SU;SU0038-SU6013;1;skyscanner;white-travel;RSXR-RSXR;475;3000;0.18;1;0;0;0.18;99.42;0.02;3475;0;100;10;0;;;;OK;0;Aeroflot;Tickets.ru;Kupibilet;3475;3475;3475;1;;auto;262;;;0038-6013;;
2017/03/01;06:28:23;E;MOW-LED;2017-02-15;2017-03-15;SU;SU;SU0038-SU6021;1;skyscanner;white-travel;RSXR-RSXR;475;3000;0.18;1;0;0;0.18;99.42;0.02;3475;0;100;10;0;;;;OK;0;Aeroflot;Tickets.ru;Kupibilet;3475;3475;3475;1;;auto;263;;;0038-6021;;
2017/03/01;06:28:23;E;MOW-LED;2017-02-15;2017-03-15;SU;SU;SU0038-SU6025;1;skyscanner;white-travel;RSXR-RSXR;475;3000;0.18;1;0;0;0.18;99.42;0.02;3475;0;100;10;0;;;;OK;0;Aeroflot;Tickets.ru;Kupibilet;3475;3475;3475;1;;auto;264;;;0038-6025;;
2017/03/01;06:28:23;E;MOW-LED;2017-02-15;2017-03-15;SU;SU;SU0038-SU6037;1;skyscanner;white-travel;RSXR-RSXR;475;3000;0.18;1;0;0;0.18;99.42;0.02;3475;0;100;10;0;;;;OK;0;Aeroflot;Tickets.ru;Kupibilet;3475;3475;3475;1;;auto;265;;;0038-6037;;
2017/03/01;06:28:23;E;MOW-LED;2017-02-15;2017-03-15;SU;SU;SU0038-SU6031;1;skyscanner;white-travel;RSXR-RSXR;475;3000;0.18;1;0;0;0.18;99.42;0.02;3475;0;100;10;0;;;;OK;0;Aeroflot;Tickets.ru;Kupibilet;3475;3475;3475;1;;auto;266;;;0038-6031;;
2017/03/01;06:28:23;E;MOW-LED;2017-02-15;2017-03-15;SU;SU;SU0038-SU6033;1;skyscanner;white-travel;RSXR-RSXR;475;3000;0.18;1;0;0;0.18;99.42;0.02;3475;0;100;10;0;;;;OK;0;Aeroflot;Tickets.ru;Kupibilet;3475;3475;3475;1;;auto;267;;;0038-6033;;
2017/03/01;06:28:23;E;MOW-LED;2017-02-15;2017-03-15;SU;SU;SU0038-SU6035;1;skyscanner;white-travel;RSXR-RSXR;475;3000;0.18;1;0;0;0.18;99.42;0.02;3475;0;100;10;0;;;;OK;0;Aeroflot;Tickets.ru;Kupibilet;3475;3475;3475;1;;auto;268;;;0038-6035;;
2017/03/01;06:28:23;E;MOW-LED;2017-02-15;2017-03-15;SU;SU;SU0038-SU6019;1;skyscanner;white-travel;RSXR-RSXR;475;3000;0.18;1;0;0;0.18;99.42;0.02;3475;0;100;10;0;;;;OK;0;Aeroflot;Tickets.ru;Kupibilet;3475;3475;3475;1;;auto;269;;;0038-6019;;
2017/03/01;06:28:23;E;MOW-LED;2017-02-15;2017-03-15;SU;SU;SU0020-SU6011;1;skyscanner;white-travel;RSXR-RSXR;475;3000;0.18;1;0;0;0.18;99.42;0.02;3475;0;100;10;0;;;;OK;0;Aeroflot;Kupibilet;ozon.travel;3475;3475;3475;1;;auto;270;;;0020-6011;;
2017/03/01;06:28:23;E;MOW-LED;2017-02-15;2017-03-15;SU;SU;SU0020-SU6015;1;skyscanner;white-travel;RSXR-RSXR;475;3000;0.18;1;0;0;0.18;99.42;0.02;3475;0;100;10;0;;;;OK;0;Aeroflot;Kupibilet;ozon.travel;3475;3475;3475;1;;auto;271;;;0020-6015;;
2017/03/01;06:28:23;E;MOW-LED;2017-02-15;2017-03-15;SU;SU;SU0020-SU6027;1;skyscanner;white-travel;RSXR-RSXR;475;3000;0.18;1;0;0;0.18;99.42;0.02;3475;0;100;10;0;;;;OK;0;Aeroflot;Kupibilet;ozon.travel;3475;3475;3475;1;;auto;272;;;0020-6027;;
2017/03/01;06:28:23;E;MOW-LED;2017-02-15;2017-03-15;SU;SU;SU0020-SU6013;1;skyscanner;white-travel;RSXR-RSXR;475;3000;0.18;1;0;0;0.18;99.42;0.02;3475;0;100;10;0;;;;OK;0;Aeroflot;Kupibilet;ozon.travel;3475;3475;3475;1;;auto;273;;;0020-6013;;
2017/03/01;06:28:23;E;MOW-LED;2017-02-15;2017-03-15;SU;SU;SU0020-SU6021;1;skyscanner;white-travel;RSXR-RSXR;475;3000;0.18;1;0;0;0.18;99.42;0.02;3475;0;100;10;0;;;;OK;0;Aeroflot;Kupibilet;ozon.travel;3475;3475;3475;1;;auto;274;;;0020-6021;;
2017/03/01;06:28:23;E;MOW-LED;2017-02-15;2017-03-15;SU;SU;SU0020-SU6025;1;skyscanner;white-travel;RSXR-RSXR;475;3000;0.18;1;0;0;0.18;99.42;0.02;3475;0;100;10;0;;;;OK;0;Aeroflot;Kupibilet;ozon.travel;3475;3475;3475;1;;auto;275;;;0020-6025;;
2017/03/01;06:28:23;E;MOW-LED;2017-02-15;2017-03-15;SU;SU;SU0020-SU6037;1;skyscanner;white-travel;RSXR-RSXR;475;3000;0.18;1;0;0;0.18;99.42;0.02;3475;0;100;10;0;;;;OK;0;Aeroflot;Kupibilet;ozon.travel;3475;3475;3475;1;;auto;276;;;0020-6037;;
2017/03/01;06:28:23;E;MOW-LED;2017-02-15;2017-03-15;SU;SU;SU0020-SU6031;1;skyscanner;white-travel;RSXR-RSXR;475;3000;0.18;1;0;0;0.18;99.42;0.02;3475;0;100;10;0;;;;OK;0;Aeroflot;Kupibilet;ozon.travel;3475;3475;3475;1;;auto;277;;;0020-6031;;
2017/03/01;06:28:23;E;MOW-LED;2017-02-15;2017-03-15;SU;SU;SU0020-SU6033;1;skyscanner;white-travel;RSXR-RSXR;475;3000;0.18;1;0;0;0.18;99.42;0.02;3475;0;100;10;0;;;;OK;0;Aeroflot;Kupibilet;ozon.travel;3475;3475;3475;1;;auto;278;;;0020-6033;;
2017/03/01;06:28:23;E;MOW-LED;2017-02-15;2017-03-15;SU;SU;SU0020-SU6035;1;skyscanner;white-travel;RSXR-RSXR;475;3000;0.18;1;0;0;0.18;99.42;0.02;3475;0;100;10;0;;;;OK;0;Aeroflot;Kupibilet;ozon.travel;3475;3475;3475;1;;auto;279;;;0020-6035;;
2017/03/01;06:28:23;E;MOW-LED;2017-02-15;2017-03-15;SU;SU;SU0020-SU6019;1;skyscanner;white-travel;RSXR-RSXR;475;3000;0.18;1;0;0;0.18;99.42;0.02;3475;0;100;10;0;;;;OK;0;Aeroflot;Kupibilet;ozon.travel;3475;3475;3475;1;;auto;280;;;0020-6019;;
2017/03/01;06:28:23;E;MOW-LED;2017-02-15;2017-03-15;SU;SU;SU0022-SU6011;1;skyscanner;white-travel;RSXR-RSXR;475;3000;0.18;1;0;0;0.18;99.42;0.02;3475;0;100;10;0;;;;OK;0;Aeroflot;Kupibilet;ozon.travel;3475;3475;3475;1;;auto;281;;;0022-6011;;
2017/03/01;06:28:23;E;MOW-LED;2017-02-15;2017-03-15;SU;SU;SU0022-SU6015;1;skyscanner;white-travel;RSXR-RSXR;475;3000;0.18;1;0;0;0.18;99.42;0.02;3475;0;100;10;0;;;;OK;0;Aeroflot;Kupibilet;ozon.travel;3475;3475;3475;1;;auto;282;;;0022-6015;;
2017/03/01;06:28:23;E;MOW-LED;2017-02-15;2017-03-15;SU;SU;SU0022-SU6027;1;skyscanner;white-travel;RSXR-RSXR;475;3000;0.18;1;0;0;0.18;99.42;0.02;3475;0;100;10;0;;;;OK;0;Aeroflot;Kupibilet;ozon.travel;3475;3475;3475;1;;auto;283;;;0022-6027;;
2017/03/01;06:28:23;E;MOW-LED;2017-02-15;2017-03-15;SU;SU;SU0022-SU6013;1;skyscanner;white-travel;RSXR-RSXR;475;3000;0.18;1;0;0;0.18;99.42;0.02;3475;0;100;10;0;;;;OK;0;Aeroflot;Kupibilet;ozon.travel;3475;3475;3475;1;;auto;284;;;0022-6013;;
2017/03/01;06:28:23;E;MOW-LED;2017-02-15;2017-03-15;SU;SU;SU0022-SU6021;1;skyscanner;white-travel;RSXR-RSXR;475;3000;0.18;1;0;0;0.18;99.42;0.02;3475;0;100;10;0;;;;OK;0;Aeroflot;Kupibilet;ozon.travel;3475;3475;3475;1;;auto;285;;;0022-6021;;
2017/03/01;06:28:23;E;MOW-LED;2017-02-15;2017-03-15;SU;SU;SU0022-SU6025;1;skyscanner;white-travel;RSXR-RSXR;475;3000;0.18;1;0;0;0.18;99.42;0.02;3475;0;100;10;0;;;;OK;0;Aeroflot;Kupibilet;ozon.travel;3475;3475;3475;1;;auto;286;;;0022-6025;;
2017/03/01;06:28:23;E;MOW-LED;2017-02-15;2017-03-15;SU;SU;SU0022-SU6037;1;skyscanner;white-travel;RSXR-RSXR;475;3000;0.18;1;0;0;0.18;99.42;0.02;3475;0;100;10;0;;;;OK;0;Aeroflot;Kupibilet;ozon.travel;3475;3475;3475;1;;auto;287;;;0022-6037;;
2017/03/01;06:28:23;E;MOW-LED;2017-02-15;2017-03-15;SU;SU;SU0022-SU6031;1;skyscanner;white-travel;RSXR-RSXR;475;3000;0.18;1;0;0;0.18;99.42;0.02;3475;0;100;10;0;;;;OK;0;Aeroflot;Kupibilet;ozon.travel;3475;3475;3475;1;;auto;288;;;0022-6031;;
2017/03/01;06:28:23;E;MOW-LED;2017-02-15;2017-03-15;SU;SU;SU0022-SU6033;1;skyscanner;white-travel;RSXR-RSXR;475;3000;0.18;1;0;0;0.18;99.42;0.02;3475;0;100;10;0;;;;OK;0;Aeroflot;Kupibilet;ozon.travel;3475;3475;3475;1;;auto;289;;;0022-6033;;
2017/03/01;06:28:23;E;MOW-LED;2017-02-15;2017-03-15;SU;SU;SU0022-SU6035;1;skyscanner;white-travel;RSXR-RSXR;475;3000;0.18;1;0;0;0.18;99.42;0.02;3475;0;100;10;0;;;;OK;0;Aeroflot;Kupibilet;ozon.travel;3475;3475;3475;1;;auto;290;;;0022-6035;;
2017/03/01;06:28:23;E;MOW-LED;2017-02-15;2017-03-15;SU;SU;SU0022-SU6019;1;skyscanner;white-travel;RSXR-RSXR;475;3000;0.18;1;0;0;0.18;99.42;0.02;3475;0;100;10;0;;;;OK;0;Aeroflot;Kupibilet;ozon.travel;3475;3475;3475;1;;auto;291;;;0022-6019;;
2017/03/01;06:28:23;E;MOW-LED;2017-02-15;2017-03-15;SU;SU;SU0044-SU6011;1;skyscanner;white-travel;RSXR-RSXR;475;3000;0.18;1;0;0;0.18;99.42;0.02;3475;0;100;10;0;;;;OK;0;Aeroflot;Kupibilet;ozon.travel;3475;3475;3475;1;;auto;292;;;0044-6011;;
2017/03/01;06:28:23;E;MOW-LED;2017-02-15;2017-03-15;SU;SU;SU0044-SU6015;1;skyscanner;white-travel;RSXR-RSXR;475;3000;0.18;1;0;0;0.18;99.42;0.02;3475;0;100;10;0;;;;OK;0;Aeroflot;Kupibilet;ozon.travel;3475;3475;3475;1;;auto;293;;;0044-6015;;
2017/03/01;06:28:23;E;MOW-LED;2017-02-15;2017-03-15;SU;SU;SU0044-SU6027;1;skyscanner;white-travel;RSXR-RSXR;475;3000;0.18;1;0;0;0.18;99.42;0.02;3475;0;100;10;0;;;;OK;0;Aeroflot;Kupibilet;ozon.travel;3475;3475;3475;1;;auto;294;;;0044-6027;;
2017/03/01;06:28:23;E;MOW-LED;2017-02-15;2017-03-15;SU;SU;SU0044-SU6013;1;skyscanner;white-travel;RSXR-RSXR;475;3000;0.18;1;0;0;0.18;99.42;0.02;3475;0;100;10;0;;;;OK;0;Aeroflot;Kupibilet;ozon.travel;3475;3475;3475;1;;auto;295;;;0044-6013;;
2017/03/01;06:28:23;E;MOW-LED;2017-02-15;2017-03-15;SU;SU;SU0044-SU6021;1;skyscanner;white-travel;RSXR-RSXR;475;3000;0.18;1;0;0;0.18;99.42;0.02;3475;0;100;10;0;;;;OK;0;Aeroflot;Kupibilet;ozon.travel;3475;3475;3475;1;;auto;296;;;0044-6021;;
2017/03/01;06:28:23;E;MOW-LED;2017-02-15;2017-03-15;SU;SU;SU0044-SU6025;1;skyscanner;white-travel;RSXR-RSXR;475;3000;0.18;1;0;0;0.18;99.42;0.02;3475;0;100;10;0;;;;OK;0;Aeroflot;Kupibilet;ozon.travel;3475;3475;3475;1;;auto;297;;;0044-6025;;
2017/03/01;06:28:23;E;MOW-LED;2017-02-15;2017-03-15;SU;SU;SU0044-SU6037;1;skyscanner;white-travel;RSXR-RSXR;475;3000;0.18;1;0;0;0.18;99.42;0.02;3475;0;100;10;0;;;;OK;0;Aeroflot;Kupibilet;ozon.travel;3475;3475;3475;1;;auto;298;;;0044-6037;;
2017/03/01;06:28:23;E;MOW-LED;2017-02-15;2017-03-15;SU;SU;SU0044-SU6031;1;skyscanner;white-travel;RSXR-RSXR;475;3000;0.18;1;0;0;0.18;99.42;0.02;3475;0;100;10;0;;;;OK;0;Aeroflot;Kupibilet;ozon.travel;3475;3475;3475;1;;auto;299;;;0044-6031;;
2017/03/01;06:28:23;E;MOW-LED;2017-02-15;2017-03-15;SU;SU;SU0044-SU6033;1;skyscanner;white-travel;RSXR-RSXR;475;3000;0.18;1;0;0;0.18;99.42;0.02;3475;0;100;10;0;;;;OK;0;Aeroflot;Kupibilet;ozon.travel;3475;3475;3475;1;;auto;300;;;0044-6033;;
2017/03/01;06:28:23;E;MOW-LED;2017-02-15;2017-03-15;SU;SU;SU0044-SU6035;1;skyscanner;white-travel;RSXR-RSXR;475;3000;0.18;1;0;0;0.18;99.42;0.02;3475;0;100;10;0;;;;OK;0;Aeroflot;Kupibilet;ozon.travel;3475;3475;3475;1;;auto;301;;;0044-6035;;
2017/03/01;06:28:23;E;MOW-LED;2017-02-15;2017-03-15;SU;SU;SU0044-SU6019;1;skyscanner;white-travel;RSXR-RSXR;475;3000;0.18;1;0;0;0.18;99.42;0.02;3475;0;100;10;0;;;;OK;0;Aeroflot;Kupibilet;ozon.travel;3475;3475;3475;1;;auto;302;;;0044-6019;;
2017/03/01;06:28:23;E;MOW-LED;2017-02-15;2017-03-15;SU;SU;SU0024-SU6011;1;skyscanner;white-travel;RSXR-RSXR;475;3000;0.18;1;0;0;0.18;99.42;0.02;3475;0;100;10;0;;;;OK;0;Aeroflot;Tickets.ru;Kupibilet;3475;3475;3475;1;;auto;303;;;0024-6011;;
2017/03/01;06:28:23;E;MOW-LED;2017-02-15;2017-03-15;SU;SU;SU0024-SU6015;1;skyscanner;white-travel;RSXR-RSXR;475;3000;0.18;1;0;0;0.18;99.42;0.02;3475;0;100;10;0;;;;OK;0;Aeroflot;Tickets.ru;Kupibilet;3475;3475;3475;1;;auto;304;;;0024-6015;;
2017/03/01;06:28:23;E;MOW-LED;2017-02-15;2017-03-15;SU;SU;SU0024-SU6027;1;skyscanner;white-travel;RSXR-RSXR;475;3000;0.18;1;0;0;0.18;99.42;0.02;3475;0;100;10;0;;;;OK;0;Aeroflot;Tickets.ru;Kupibilet;3475;3475;3475;1;;auto;305;;;0024-6027;;
2017/03/01;06:28:23;E;MOW-LED;2017-02-15;2017-03-15;SU;SU;SU0024-SU6013;1;skyscanner;white-travel;RSXR-RSXR;475;3000;0.18;1;0;0;0.18;99.42;0.02;3475;0;100;10;0;;;;OK;0;Aeroflot;Tickets.ru;Kupibilet;3475;3475;3475;1;;auto;306;;;0024-6013;;
2017/03/01;06:28:23;E;MOW-LED;2017-02-15;2017-03-15;SU;SU;SU0024-SU6021;1;skyscanner;white-travel;RSXR-RSXR;475;3000;0.18;1;0;0;0.18;99.42;0.02;3475;0;100;10;0;;;;OK;0;Aeroflot;Tickets.ru;Kupibilet;3475;3475;3475;1;;auto;307;;;0024-6021;;
2017/03/01;06:28:23;E;MOW-LED;2017-02-15;2017-03-15;SU;SU;SU0024-SU6025;1;skyscanner;white-travel;RSXR-RSXR;475;3000;0.18;1;0;0;0.18;99.42;0.02;3475;0;100;10;0;;;;OK;0;Aeroflot;Tickets.ru;Kupibilet;3475;3475;3475;1;;auto;308;;;0024-6025;;
2017/03/01;06:28:23;E;MOW-LED;2017-02-15;2017-03-15;SU;SU;SU0024-SU6037;1;skyscanner;white-travel;RSXR-RSXR;475;3000;0.18;1;0;0;0.18;99.42;0.02;3475;0;100;10;0;;;;OK;0;Aeroflot;Tickets.ru;Kupibilet;3475;3475;3475;1;;auto;309;;;0024-6037;;
2017/03/01;06:28:23;E;MOW-LED;2017-02-15;2017-03-15;SU;SU;SU0024-SU6031;1;skyscanner;white-travel;RSXR-RSXR;475;3000;0.18;1;0;0;0.18;99.42;0.02;3475;0;100;10;0;;;;OK;0;Aeroflot;Tickets.ru;Kupibilet;3475;3475;3475;1;;auto;310;;;0024-6031;;
2017/03/01;06:28:23;E;MOW-LED;2017-02-15;2017-03-15;SU;SU;SU0024-SU6033;1;skyscanner;white-travel;RSXR-RSXR;475;3000;0.18;1;0;0;0.18;99.42;0.02;3475;0;100;10;0;;;;OK;0;Aeroflot;Tickets.ru;Kupibilet;3475;3475;3475;1;;auto;311;;;0024-6033;;
2017/03/01;06:28:23;E;MOW-LED;2017-02-15;2017-03-15;SU;SU;SU0024-SU6035;1;skyscanner;white-travel;RSXR-RSXR;475;3000;0.18;1;0;0;0.18;99.42;0.02;3475;0;100;10;0;;;;OK;0;Aeroflot;Tickets.ru;Kupibilet;3475;3475;3475;1;;auto;312;;;0024-6035;;
2017/03/01;06:28:23;E;MOW-LED;2017-02-15;2017-03-15;SU;SU;SU0024-SU6019;1;skyscanner;white-travel;RSXR-RSXR;475;3000;0.18;1;0;0;0.18;99.42;0.02;3475;0;100;10;0;;;;OK;0;Aeroflot;Tickets.ru;Kupibilet;3475;3475;3475;1;;auto;313;;;0024-6019;;
2017/03/01;06:28:23;E;MOW-LED;2017-02-15;2017-03-15;SU;SU;SU0026-SU6011;1;skyscanner;white-travel;RSXR-RSXR;475;3000;0.18;1;0;0;0.18;99.42;0.02;3475;0;100;10;0;;;;OK;0;Aeroflot;Kupibilet;ozon.travel;3475;3475;3475;1;;auto;314;;;0026-6011;;
2017/03/01;06:28:23;E;MOW-LED;2017-02-15;2017-03-15;SU;SU;SU0026-SU6015;1;skyscanner;white-travel;RSXR-RSXR;475;3000;0.18;1;0;0;0.18;99.42;0.02;3475;0;100;10;0;;;;OK;0;Aeroflot;Kupibilet;ozon.travel;3475;3475;3475;1;;auto;315;;;0026-6015;;
2017/03/01;06:28:23;E;MOW-LED;2017-02-15;2017-03-15;SU;SU;SU0026-SU6027;1;skyscanner;white-travel;RSXR-RSXR;475;3000;0.18;1;0;0;0.18;99.42;0.02;3475;0;100;10;0;;;;OK;0;Aeroflot;Kupibilet;ozon.travel;3475;3475;3475;1;;auto;316;;;0026-6027;;
2017/03/01;06:28:23;E;MOW-LED;2017-02-15;2017-03-15;SU;SU;SU0026-SU6013;1;skyscanner;white-travel;RSXR-RSXR;475;3000;0.18;1;0;0;0.18;99.42;0.02;3475;0;100;10;0;;;;OK;0;Aeroflot;Kupibilet;ozon.travel;3475;3475;3475;1;;auto;317;;;0026-6013;;
2017/03/01;06:28:23;E;MOW-LED;2017-02-15;2017-03-15;SU;SU;SU0026-SU6021;1;skyscanner;white-travel;RSXR-RSXR;475;3000;0.18;1;0;0;0.18;99.42;0.02;3475;0;100;10;0;;;;OK;0;Aeroflot;Kupibilet;ozon.travel;3475;3475;3475;1;;auto;318;;;0026-6021;;
2017/03/01;06:28:23;E;MOW-LED;2017-02-15;2017-03-15;SU;SU;SU0026-SU6025;1;skyscanner;white-travel;RSXR-RSXR;475;3000;0.18;1;0;0;0.18;99.42;0.02;3475;0;100;10;0;;;;OK;0;Aeroflot;Kupibilet;ozon.travel;3475;3475;3475;1;;auto;319;;;0026-6025;;
2017/03/01;06:28:23;E;MOW-LED;2017-02-15;2017-03-15;SU;SU;SU0026-SU6037;1;skyscanner;white-travel;RSXR-RSXR;475;3000;0.18;1;0;0;0.18;99.42;0.02;3475;0;100;10;0;;;;OK;0;Aeroflot;Kupibilet;ozon.travel;3475;3475;3475;1;;auto;320;;;0026-6037;;
2017/03/01;06:28:23;E;MOW-LED;2017-02-15;2017-03-15;SU;SU;SU0026-SU6031;1;skyscanner;white-travel;RSXR-RSXR;475;3000;0.18;1;0;0;0.18;99.42;0.02;3475;0;100;10;0;;;;OK;0;Aeroflot;Kupibilet;ozon.travel;3475;3475;3475;1;;auto;321;;;0026-6031;;
2017/03/01;06:28:23;E;MOW-LED;2017-02-15;2017-03-15;SU;SU;SU0026-SU6033;1;skyscanner;white-travel;RSXR-RSXR;475;3000;0.18;1;0;0;0.18;99.42;0.02;3475;0;100;10;0;;;;OK;0;Aeroflot;Kupibilet;ozon.travel;3475;3475;3475;1;;auto;322;;;0026-6033;;
2017/03/01;06:28:23;E;MOW-LED;2017-02-15;2017-03-15;SU;SU;SU0026-SU6035;1;skyscanner;white-travel;RSXR-RSXR;475;3000;0.18;1;0;0;0.18;99.42;0.02;3475;0;100;10;0;;;;OK;0;Aeroflot;Kupibilet;ozon.travel;3475;3475;3475;1;;auto;323;;;0026-6035;;
2017/03/01;06:28:23;E;MOW-LED;2017-02-15;2017-03-15;SU;SU;SU0026-SU6019;1;skyscanner;white-travel;RSXR-RSXR;475;3000;0.18;1;0;0;0.18;99.42;0.02;3475;0;100;10;0;;;;OK;0;Aeroflot;Kupibilet;ozon.travel;3475;3475;3475;1;;auto;324;;;0026-6019;;
2017/03/01;06:28:23;E;MOW-LED;2017-02-15;2017-03-15;SU;SU;SU0046-SU6011;1;skyscanner;white-travel;RSXR-RSXR;475;3000;0.18;1;0;0;0.18;99.42;0.02;3475;0;100;10;0;;;;OK;0;Aeroflot;Kupibilet;ozon.travel;3475;3475;3475;1;;auto;347;;;0046-6011;;
2017/03/01;06:28:23;E;MOW-LED;2017-02-15;2017-03-15;SU;SU;SU0046-SU6015;1;skyscanner;white-travel;RSXR-RSXR;475;3000;0.18;1;0;0;0.18;99.42;0.02;3475;0;100;10;0;;;;OK;0;Aeroflot;Kupibilet;ozon.travel;3475;3475;3475;1;;auto;348;;;0046-6015;;
2017/03/01;06:28:23;E;MOW-LED;2017-02-15;2017-03-15;SU;SU;SU0046-SU6027;1;skyscanner;white-travel;RSXR-RSXR;475;3000;0.18;1;0;0;0.18;99.42;0.02;3475;0;100;10;0;;;;OK;0;Aeroflot;Kupibilet;ozon.travel;3475;3475;3475;1;;auto;349;;;0046-6027;;
2017/03/01;06:28:23;E;MOW-LED;2017-02-15;2017-03-15;SU;SU;SU0046-SU6013;1;skyscanner;white-travel;RSXR-RSXR;475;3000;0.18;1;0;0;0.18;99.42;0.02;3475;0;100;10;0;;;;OK;0;Aeroflot;Kupibilet;ozon.travel;3475;3475;3475;1;;auto;350;;;0046-6013;;
2017/03/01;06:28:23;E;MOW-LED;2017-02-15;2017-03-15;SU;SU;SU0046-SU6021;1;skyscanner;white-travel;RSXR-RSXR;475;3000;0.18;1;0;0;0.18;99.42;0.02;3475;0;100;10;0;;;;OK;0;Aeroflot;Kupibilet;ozon.travel;3475;3475;3475;1;;auto;351;;;0046-6021;;
2017/03/01;06:28:23;E;MOW-LED;2017-02-15;2017-03-15;SU;SU;SU0046-SU6025;1;skyscanner;white-travel;RSXR-RSXR;475;3000;0.18;1;0;0;0.18;99.42;0.02;3475;0;100;10;0;;;;OK;0;Aeroflot;Kupibilet;ozon.travel;3475;3475;3475;1;;auto;352;;;0046-6025;;
2017/03/01;06:28:23;E;MOW-LED;2017-02-15;2017-03-15;SU;SU;SU0046-SU6037;1;skyscanner;white-travel;RSXR-RSXR;475;3000;0.18;1;0;0;0.18;99.42;0.02;3475;0;100;10;0;;;;OK;0;Aeroflot;Kupibilet;ozon.travel;3475;3475;3475;1;;auto;353;;;0046-6037;;
2017/03/01;06:28:23;E;MOW-LED;2017-02-15;2017-03-15;SU;SU;SU0046-SU6031;1;skyscanner;white-travel;RSXR-RSXR;475;3000;0.18;1;0;0;0.18;99.42;0.02;3475;0;100;10;0;;;;OK;0;Aeroflot;Kupibilet;ozon.travel;3475;3475;3475;1;;auto;354;;;0046-6031;;
2017/03/01;06:28:23;E;MOW-LED;2017-02-15;2017-03-15;SU;SU;SU0046-SU6033;1;skyscanner;white-travel;RSXR-RSXR;475;3000;0.18;1;0;0;0.18;99.42;0.02;3475;0;100;10;0;;;;OK;0;Aeroflot;Kupibilet;ozon.travel;3475;3475;3475;1;;auto;355;;;0046-6033;;
2017/03/01;06:28:23;E;MOW-LED;2017-02-15;2017-03-15;SU;SU;SU0046-SU6035;1;skyscanner;white-travel;RSXR-RSXR;475;3000;0.18;1;0;0;0.18;99.42;0.02;3475;0;100;10;0;;;;OK;0;Aeroflot;Kupibilet;ozon.travel;3475;3475;3475;1;;auto;356;;;0046-6035;;
2017/03/01;06:28:23;E;MOW-LED;2017-02-15;2017-03-15;SU;SU;SU0046-SU6019;1;skyscanner;white-travel;RSXR-RSXR;475;3000;0.18;1;0;0;0.18;99.42;0.02;3475;0;100;10;0;;;;OK;0;Aeroflot;Kupibilet;ozon.travel;3475;3475;3475;1;;auto;357;;;0046-6019;;
2017/03/01;06:28:23;E;MOW-LED;2017-02-15;2017-03-15;SU;SU;SU0034-SU6011;1;skyscanner;white-travel;RSXR-RSXR;475;3000;0.18;1;0;0;0.18;99.42;0.02;3475;0;100;10;0;;;;OK;0;Aeroflot;Tickets.ru;Kupibilet;3475;3475;3475;1;;auto;358;;;0034-6011;;
2017/03/01;06:28:23;E;MOW-LED;2017-02-15;2017-03-15;SU;SU;SU0034-SU6015;1;skyscanner;white-travel;RSXR-RSXR;475;3000;0.18;1;0;0;0.18;99.42;0.02;3475;0;100;10;0;;;;OK;0;Aeroflot;Tickets.ru;Kupibilet;3475;3475;3475;1;;auto;359;;;0034-6015;;
2017/03/01;06:28:23;E;MOW-LED;2017-02-15;2017-03-15;SU;SU;SU0034-SU6027;1;skyscanner;white-travel;RSXR-RSXR;475;3000;0.18;1;0;0;0.18;99.42;0.02;3475;0;100;10;0;;;;OK;0;Aeroflot;Tickets.ru;Kupibilet;3475;3475;3475;1;;auto;360;;;0034-6027;;
2017/03/01;06:28:23;E;MOW-LED;2017-02-15;2017-03-15;SU;SU;SU0034-SU6013;1;skyscanner;white-travel;RSXR-RSXR;475;3000;0.18;1;0;0;0.18;99.42;0.02;3475;0;100;10;0;;;;OK;0;Aeroflot;Tickets.ru;Kupibilet;3475;3475;3475;1;;auto;361;;;0034-6013;;
2017/03/01;06:28:23;E;MOW-LED;2017-02-15;2017-03-15;SU;SU;SU0034-SU6021;1;skyscanner;white-travel;RSXR-RSXR;475;3000;0.18;1;0;0;0.18;99.42;0.02;3475;0;100;10;0;;;;OK;0;Aeroflot;Tickets.ru;Kupibilet;3475;3475;3475;1;;auto;362;;;0034-6021;;
2017/03/01;06:28:23;E;MOW-LED;2017-02-15;2017-03-15;SU;SU;SU0034-SU6025;1;skyscanner;white-travel;RSXR-RSXR;475;3000;0.18;1;0;0;0.18;99.42;0.02;3475;0;100;10;0;;;;OK;0;Aeroflot;Tickets.ru;Kupibilet;3475;3475;3475;1;;auto;363;;;0034-6025;;
2017/03/01;06:28:23;E;MOW-LED;2017-02-15;2017-03-15;SU;SU;SU0034-SU6037;1;skyscanner;white-travel;RSXR-RSXR;475;3000;0.18;1;0;0;0.18;99.42;0.02;3475;0;100;10;0;;;;OK;0;Aeroflot;Tickets.ru;Kupibilet;3475;3475;3475;1;;auto;364;;;0034-6037;;
2017/03/01;06:28:23;E;MOW-LED;2017-02-15;2017-03-15;SU;SU;SU0034-SU6031;1;skyscanner;white-travel;RSXR-RSXR;475;3000;0.18;1;0;0;0.18;99.42;0.02;3475;0;100;10;0;;;;OK;0;Aeroflot;Tickets.ru;Kupibilet;3475;3475;3475;1;;auto;365;;;0034-6031;;
2017/03/01;06:28:23;E;MOW-LED;2017-02-15;2017-03-15;SU;SU;SU0034-SU6033;1;skyscanner;white-travel;RSXR-RSXR;475;3000;0.18;1;0;0;0.18;99.42;0.02;3475;0;100;10;0;;;;OK;0;Aeroflot;Tickets.ru;Kupibilet;3475;3475;3475;1;;auto;366;;;0034-6033;;
2017/03/01;06:28:23;E;MOW-LED;2017-02-15;2017-03-15;SU;SU;SU0034-SU6035;1;skyscanner;white-travel;RSXR-RSXR;475;3000;0.18;1;0;0;0.18;99.42;0.02;3475;0;100;10;0;;;;OK;0;Aeroflot;Tickets.ru;Kupibilet;3475;3475;3475;1;;auto;367;;;0034-6035;;
2017/03/01;06:28:23;E;MOW-LED;2017-02-15;2017-03-15;SU;SU;SU0034-SU6019;1;skyscanner;white-travel;RSXR-RSXR;475;3000;0.18;1;0;0;0.18;99.42;0.02;3475;0;100;10;0;;;;OK;0;Aeroflot;Tickets.ru;Kupibilet;3475;3475;3475;1;;auto;368;;;0034-6019;;
2017/03/01;06:28:23;E;MOW-LED;2017-02-15;2017-03-15;UT;UT;UT0257-UT0490;1;skyscanner;white-travel;KLTRT-KLTRT;610;2870;0;0;0;57;9.28;0;1.6;3537;-57;100;10;-62;;0;;ALARM;0;UTair;Biletix.ru;Kupibilet;3480;3480;3480;1;;auto;369;;;0257-0490;;
2017/03/01;06:28:23;E;MOW-LED;2017-02-15;2017-03-15;UT;UT;UT0257-UT0382;1;skyscanner;white-travel;KLTRT-KLTRT;610;2870;0;0;0;57;9.28;0;1.6;3537;-57;100;10;-62;;0;;ALARM;0;UTair;Biletix.ru;Kupibilet;3480;3480;3480;1;;auto;370;;;0257-0382;;
2017/03/01;06:28:23;E;MOW-LED;2017-02-15;2017-03-15;UT;UT;UT0257-UT0360;1;skyscanner;white-travel;KLTRT-KLTRT;610;2870;0;0;0;57;9.28;0;1.6;3537;-57;100;10;-62;;0;;ALARM;0;UTair;Biletix.ru;Kupibilet;3480;3480;3480;1;;auto;371;;;0257-0360;;
2017/03/01;06:28:23;E;MOW-LED;2017-02-15;2017-03-15;UT;UT;UT0257-UT0370;1;skyscanner;white-travel;KLTRT-KLTRT;610;2870;0;0;0;57;9.28;0;1.6;3537;-57;100;10;-62;;0;;ALARM;0;UTair;Biletix.ru;Kupibilet;3480;3480;3480;1;;auto;372;;;0257-0370;6;3624
2017/03/01;06:28:23;E;MOW-LED;2017-02-15;2017-03-15;UT;UT;UT0257-UT0258;1;skyscanner;white-travel;KLTRT-KLTRT;610;2870;0;0;0;57;9.28;0;1.6;3537;-57;100;10;-62;;0;;ALARM;0;UTair;Biletix.ru;Kupibilet;3480;3480;3480;1;;auto;373;;;0257-0258;;
2017/03/01;06:28:23;E;MOW-LED;2017-02-15;2017-03-15;UT;UT;UT0257-UT0384;1;skyscanner;white-travel;KLTRT-KLTRT;610;2870;0;0;0;57;9.28;0;1.6;3537;-57;100;10;-62;;0;;ALARM;0;UTair;Biletix.ru;Kupibilet;3480;3480;3480;1;;auto;374;;;0257-0384;;
2017/03/01;06:28:23;E;MOW-LED;2017-02-15;2017-03-15;UT;UT;UT0381-UT0490;1;skyscanner;vip-service-avl_sabre;KLTRT-KLTRT;610;2870;0;0;0;57;9.28;0;1.6;3537;-57;100;10;-62;;0;;ALARM;0;UTair;Biletix.ru;Sindbad;3480;3480;3480;1;;auto;375;;;0381-0490;7;3537
2017/03/01;06:28:23;E;MOW-LED;2017-02-15;2017-03-15;UT;UT;UT0381-UT0382;1;skyscanner;vip-service-avl_sabre;KLTRT-KLTRT;610;2870;0;0;0;57;9.28;0;1.6;3537;-57;100;10;-62;;0;;ALARM;0;UTair;Biletix.ru;Sindbad;3480;3480;3480;1;;auto;376;;;0381-0382;7;3537
2017/03/01;06:28:23;E;MOW-LED;2017-02-15;2017-03-15;UT;UT;UT0381-UT0360;1;skyscanner;vip-service-avl_sabre;KLTRT-KLTRT;610;2870;0;0;0;57;9.28;0;1.6;3537;-57;100;10;-62;;0;;ALARM;0;UTair;Biletix.ru;Sindbad;3480;3480;3480;1;;auto;377;;;0381-0360;7;3537
2017/03/01;06:28:23;E;MOW-LED;2017-02-15;2017-03-15;UT;UT;UT0381-UT0370;1;skyscanner;vip-service-avl_sabre;KLTRT-KLTRT;610;2870;0;0;0;57;9.28;0;1.6;3537;-57;100;10;-62;;0;;ALARM;0;UTair;Biletix.ru;Sindbad;3480;3480;3480;1;;auto;378;;;0381-0370;7;3537
2017/03/01;06:28:23;E;MOW-LED;2017-02-15;2017-03-15;UT;UT;UT0381-UT0258;1;skyscanner;vip-service-avl_sabre;KLTRT-KLTRT;610;2870;0;0;0;57;9.28;0;1.6;3537;-57;100;10;-62;;0;;ALARM;0;UTair;Biletix.ru;Sindbad;3480;3480;3480;1;;auto;379;;;0381-0258;7;3537
2017/03/01;06:28:23;E;MOW-LED;2017-02-15;2017-03-15;UT;UT;UT0381-UT0384;1;skyscanner;vip-service-avl_sabre;KLTRT-KLTRT;610;2870;0;0;0;57;9.28;0;1.6;3537;-57;100;10;-62;;0;;ALARM;0;UTair;Biletix.ru;Sindbad;3480;3480;3480;1;;auto;380;;;0381-0384;7;3537
2017/03/01;06:28:23;E;MOW-LED;2017-02-15;2017-03-15;UT;UT;UT0369-UT0490;1;skyscanner;vip-service-avl_sabre;KLTRT-KLTRT;610;2870;0;0;0;57;9.28;0;1.6;3537;-57;100;10;-62;;0;;ALARM;0;UTair;Biletix.ru;Sindbad;3480;3480;3480;1;;auto;381;;;0369-0490;7;3537
2017/03/01;06:28:23;E;MOW-LED;2017-02-15;2017-03-15;UT;UT;UT0369-UT0382;1;skyscanner;vip-service-avl_sabre;KLTRT-KLTRT;610;2870;0;0;0;57;9.28;0;1.6;3537;-57;100;10;-62;;0;;ALARM;0;UTair;Biletix.ru;Sindbad;3480;3480;3480;1;;auto;382;;;0369-0382;7;3537
2017/03/01;06:28:23;E;MOW-LED;2017-02-15;2017-03-15;UT;UT;UT0369-UT0360;1;skyscanner;vip-service-avl_sabre;KLTRT-KLTRT;610;2870;0;0;0;57;9.28;0;1.6;3537;-57;100;10;-62;;0;;ALARM;0;UTair;Biletix.ru;Sindbad;3480;3480;3480;1;;auto;383;;;0369-0360;7;3537
2017/03/01;06:28:23;E;MOW-LED;2017-02-15;2017-03-15;UT;UT;UT0369-UT0370;1;skyscanner;vip-service-avl_sabre;KLTRT-KLTRT;610;2870;0;0;0;57;9.28;0;1.6;3537;-57;100;10;-62;;0;;ALARM;0;UTair;Biletix.ru;Sindbad;3480;3480;3480;1;;auto;384;;;0369-0370;7;3537
2017/03/01;06:28:23;E;MOW-LED;2017-02-15;2017-03-15;UT;UT;UT0369-UT0258;1;skyscanner;white-travel;KLTRT-KLTRT;610;2870;0;0;0;57;9.28;0;1.6;3537;-57;100;10;-62;;0;;ALARM;0;UTair;Biletix.ru;Kupibilet;3480;3480;3480;1;;auto;385;;;0369-0258;;
2017/03/01;06:28:23;E;MOW-LED;2017-02-15;2017-03-15;UT;UT;UT0369-UT0384;1;skyscanner;white-travel;KLTRT-KLTRT;610;2870;0;0;0;57;9.28;0;1.6;3537;-57;100;10;-62;;0;;ALARM;0;UTair;Biletix.ru;Kupibilet;3480;3480;3480;1;;auto;386;;;0369-0384;;
2017/03/01;06:28:23;E;MOW-LED;2017-02-15;2017-03-15;UT;UT;UT0359-UT0490;1;skyscanner;white-travel;KLTRT-KLTRT;610;2870;0;0;0;57;9.28;0;1.6;3537;-57;100;10;-62;;0;;ALARM;0;UTair;Biletix.ru;Kupibilet;3480;3480;3480;1;;auto;387;;;0359-0490;;
2017/03/01;06:28:23;E;MOW-LED;2017-02-15;2017-03-15;UT;UT;UT0359-UT0382;1;skyscanner;white-travel;KLTRT-KLTRT;610;2870;0;0;0;57;9.28;0;1.6;3537;-57;100;10;-62;;0;;ALARM;0;UTair;Biletix.ru;Kupibilet;3480;3480;3480;1;;auto;388;;;0359-0382;;
2017/03/01;06:28:23;E;MOW-LED;2017-02-15;2017-03-15;UT;UT;UT0359-UT0360;1;skyscanner;white-travel;KLTRT-KLTRT;610;2870;0;0;0;57;9.28;0;1.6;3537;-57;100;10;-62;;0;;ALARM;0;UTair;Biletix.ru;Kupibilet;3480;3480;3480;1;;auto;389;;;0359-0360;6;3624
2017/03/01;06:28:23;E;MOW-LED;2017-02-15;2017-03-15;UT;UT;UT0359-UT0370;1;skyscanner;white-travel;KLTRT-KLTRT;610;2870;0;0;0;57;9.28;0;1.6;3537;-57;100;10;-62;;0;;ALARM;0;UTair;Biletix.ru;Kupibilet;3480;3480;3480;1;;auto;390;;;0359-0370;;
2017/03/01;06:28:23;E;MOW-LED;2017-02-15;2017-03-15;UT;UT;UT0359-UT0258;1;skyscanner;white-travel;KLTRT-KLTRT;610;2870;0;0;0;57;9.28;0;1.6;3537;-57;100;10;-62;;0;;ALARM;0;UTair;Biletix.ru;Kupibilet;3480;3480;3480;1;;auto;391;;;0359-0258;;
2017/03/01;06:28:23;E;MOW-LED;2017-02-15;2017-03-15;UT;UT;UT0359-UT0384;1;skyscanner;white-travel;KLTRT-KLTRT;610;2870;0;0;0;57;9.28;0;1.6;3537;-57;100;10;-62;;0;;ALARM;0;UTair;Biletix.ru;Kupibilet;3480;3480;3480;1;;auto;392;;;0359-0384;;
2017/03/01;06:28:23;E;MOW-LED;2017-02-15;2017-03-15;UT;UT;UT0383-UT0490;1;skyscanner;white-travel;KLTRT-KLTRT;610;2870;0;0;0;57;9.28;0;1.6;3537;-57;100;10;-62;;0;;ALARM;0;UTair;Biletix.ru;Kupibilet;3480;3480;3480;1;;auto;393;;;0383-0490;;
2017/03/01;06:28:23;E;MOW-LED;2017-02-15;2017-03-15;UT;UT;UT0383-UT0382;1;skyscanner;white-travel;KLTRT-KLTRT;610;2870;0;0;0;57;9.28;0;1.6;3537;-57;100;10;-62;;0;;ALARM;0;UTair;Biletix.ru;Kupibilet;3480;3480;3480;1;;auto;394;;;0383-0382;;
2017/03/01;06:28:23;E;MOW-LED;2017-02-15;2017-03-15;UT;UT;UT0383-UT0360;1;skyscanner;white-travel;KLTRT-KLTRT;610;2870;0;0;0;57;9.28;0;1.6;3537;-57;100;10;-62;;0;;ALARM;0;UTair;Biletix.ru;Kupibilet;3480;3480;3480;1;;auto;395;;;0383-0360;;
2017/03/01;06:28:23;E;MOW-LED;2017-02-15;2017-03-15;UT;UT;UT0383-UT0370;1;skyscanner;white-travel;KLTRT-KLTRT;610;2870;0;0;0;57;9.28;0;1.6;3537;-57;100;10;-62;;0;;ALARM;0;UTair;Biletix.ru;Kupibilet;3480;3480;3480;1;;auto;396;;;0383-0370;;
2017/03/01;06:28:23;E;MOW-LED;2017-02-15;2017-03-15;UT;UT;UT0383-UT0258;1;skyscanner;white-travel;KLTRT-KLTRT;610;2870;0;0;0;57;9.28;0;1.6;3537;-57;100;10;-62;;0;;ALARM;0;UTair;Biletix.ru;Kupibilet;3480;3480;3480;1;;auto;397;;;0383-0258;;
2017/03/01;06:28:23;E;MOW-LED;2017-02-15;2017-03-15;UT;UT;UT0383-UT0384;1;skyscanner;white-travel;KLTRT-KLTRT;610;2870;0;0;0;57;9.28;0;1.6;3537;-57;100;10;-62;;0;;ALARM;0;UTair;Biletix.ru;Kupibilet;3480;3480;3480;1;;auto;398;;;0383-0384;6;3624
2017/03/01;06:28:23;E;MOW-LED;2017-02-15;2017-03-15;NN;SU;NN0775-SU6011;1;skyscanner;;;;;;;;;;;;;;;;;;;;;;ozon.travel;City.Travel;;3490;4262;;1;;auto;399;;;0775-6011;;
2017/03/01;06:28:23;E;MOW-LED;2017-02-15;2017-03-15;NN;SU;NN0775-SU6015;1;skyscanner;;;;;;;;;;;;;;;;;;;;;;ozon.travel;City.Travel;;3490;4262;;1;;auto;400;;;0775-6015;;
2017/03/01;06:28:23;E;MOW-LED;2017-02-15;2017-03-15;NN;SU;NN0775-SU6027;1;skyscanner;;;;;;;;;;;;;;;;;;;;;;ozon.travel;City.Travel;;3490;4262;;1;;auto;401;;;0775-6027;;
2017/03/01;06:28:23;E;MOW-LED;2017-02-15;2017-03-15;NN;SU;NN0775-SU6013;1;skyscanner;;;;;;;;;;;;;;;;;;;;;;ozon.travel;City.Travel;;3490;4262;;1;;auto;402;;;0775-6013;;
2017/03/01;06:28:23;E;MOW-LED;2017-02-15;2017-03-15;NN;SU;NN0775-SU6021;1;skyscanner;;;;;;;;;;;;;;;;;;;;;;ozon.travel;City.Travel;;3490;4262;;1;;auto;403;;;0775-6021;;
2017/03/01;06:28:23;E;MOW-LED;2017-02-15;2017-03-15;NN;SU;NN0775-SU6025;1;skyscanner;;;;;;;;;;;;;;;;;;;;;;ozon.travel;City.Travel;;3490;4262;;1;;auto;404;;;0775-6025;;
2017/03/01;06:28:23;E;MOW-LED;2017-02-15;2017-03-15;NN;SU;NN0775-SU6037;1;skyscanner;;;;;;;;;;;;;;;;;;;;;;ozon.travel;City.Travel;;3490;4262;;1;;auto;405;;;0775-6037;;
2017/03/01;06:28:23;E;MOW-LED;2017-02-15;2017-03-15;NN;SU;NN0775-SU6031;1;skyscanner;;;;;;;;;;;;;;;;;;;;;;ozon.travel;City.Travel;;3490;4262;;1;;auto;406;;;0775-6031;;
2017/03/01;06:28:23;E;MOW-LED;2017-02-15;2017-03-15;NN;SU;NN0775-SU6033;1;skyscanner;;;;;;;;;;;;;;;;;;;;;;ozon.travel;City.Travel;;3490;4262;;1;;auto;407;;;0775-6033;;
2017/03/01;06:28:23;E;MOW-LED;2017-02-15;2017-03-15;NN;SU;NN0775-SU6035;1;skyscanner;;;;;;;;;;;;;;;;;;;;;;ozon.travel;City.Travel;;3490;4262;;1;;auto;408;;;0775-6035;;
2017/03/01;06:28:23;E;MOW-LED;2017-02-15;2017-03-15;NN;SU;NN0775-SU6019;1;skyscanner;white-travel_sirena;APROW-RSOR;1260;2370;2.41;30;0.01;44;5.88;243.89;2.02;3674;-184;100;10;-202;;;;ALARM;0;ozon.travel;OneTwoTrip;City.Travel;3490;3674;4262;1;;auto;409;;;0775-6019;2;3674
2017/03/01;06:28:23;E;MOW-LED;2017-02-15;2017-03-15;S7;SU;S70037-SU6019;1;skyscanner;vip-service-sig-avl;WBSOW-RSOR;1200;2185;0.07;1;0;144;12.05;17213.1;4.1;3529;0;100;10;0;;;;OK;0;OneTwoTrip;City.Travel;;3529;4102;;1;;auto;410;;;0037-6019;1;3529
2017/03/01;06:28:23;E;MOW-LED;2017-02-15;2017-03-15;S7;SU;S70015-SU6019;1;skyscanner;vip-service-sig-avl;WBSOW-RSOR;1200;2185;0.07;1;0;144;12.05;17213.1;4.1;3529;0;100;10;0;;;;OK;0;OneTwoTrip;City.Travel;;3529;4102;;1;;auto;411;;;0015-6019;1;3529
2017/03/01;06:28:23;E;MOW-LED;2017-02-15;2017-03-15;S7;SU;S70045-SU6019;1;skyscanner;vip-service-sig-avl;WBSOW-RSOR;1200;2185;0.07;1;0;144;12.05;17213.1;4.1;3529;0;100;10;0;;;;OK;0;OneTwoTrip;City.Travel;;3529;4102;;1;;auto;412;;;0045-6019;1;3529
2017/03/01;06:28:23;E;MOW-LED;2017-02-15;2017-03-15;S7;SU;S70039-SU6019;1;skyscanner;vip-service-sig-avl;WBSOW-RSOR;1200;2185;0.07;1;0;144;12.05;17213.1;4.1;3529;0;100;10;0;;;;OK;0;OneTwoTrip;City.Travel;;3529;4102;;1;;auto;413;;;0039-6019;1;3529
2017/03/01;06:28:23;E;MOW-LED;2017-02-15;2017-03-15;S7;SU;S70043-SU6019;1;skyscanner;vip-service-sig-avl;WBSOW-RSOR;1200;2185;0.07;1;0;144;12.05;17213.1;4.1;3529;0;100;10;0;;;;OK;0;OneTwoTrip;City.Travel;;3529;4102;;1;;auto;414;;;0043-6019;1;3529
2017/03/01;06:28:23;E;MOW-LED;2017-02-15;2017-03-15;NN;S7;NN0775-S70038;1;skyscanner;white-travel_sirena;APROW-WBSOW;2260;1185;1.3;29;0.01;100;5.73;440.74;3.65;3545;0;100;10;0;;;;OK;0;OneTwoTrip;City.Travel;;3545;4470;;1;;auto;415;;;0775-0038;1;3545
2017/03/01;06:28:23;E;MOW-LED;2017-02-15;2017-03-15;NN;S7;NN0775-S70016;1;skyscanner;white-travel_sirena;APROW-WBSOW;2260;1185;1.3;29;0.01;100;5.73;440.74;3.65;3545;0;100;10;0;;;;OK;0;OneTwoTrip;City.Travel;;3545;4470;;1;;auto;416;;;0775-0016;1;3545
2017/03/01;06:28:23;E;MOW-LED;2017-02-15;2017-03-15;NN;S7;NN0775-S70046;1;skyscanner;white-travel_sirena;APROW-WBSOW;2260;1185;1.3;29;0.01;100;5.73;440.74;3.65;3545;0;100;10;0;;;;OK;0;OneTwoTrip;City.Travel;;3545;4470;;1;;auto;417;;;0775-0046;1;3545
2017/03/01;06:28:23;E;MOW-LED;2017-02-15;2017-03-15;NN;S7;NN0775-S70040;1;skyscanner;white-travel_sirena;APROW-WBSOW;2260;1185;1.3;29;0.01;100;5.73;440.74;3.65;3545;0;100;10;0;;;;OK;0;OneTwoTrip;City.Travel;;3545;4470;;1;;auto;418;;;0775-0040;1;3545
2017/03/01;06:28:23;E;MOW-LED;2017-02-15;2017-03-15;NN;S7;NN0775-S70050;1;skyscanner;white-travel_sirena;APROW-WBSOW;2260;1185;1.3;29;0.01;100;5.73;440.74;3.65;3545;0;100;10;0;;;;OK;0;OneTwoTrip;City.Travel;;3545;4470;;1;;auto;419;;;0775-0050;1;3545
2017/03/01;06:28:23;E;MOW-LED;2017-02-15;2017-03-15;NN;S7;NN0775-S70044;1;skyscanner;white-travel_sirena;APROW-WBSOW;2260;1185;1.3;29;0.01;100;5.73;440.74;3.65;3545;0;100;10;0;;;;OK;0;OneTwoTrip;City.Travel;;3545;4470;;1;;auto;420;;;0775-0044;1;3545
2017/03/01;06:28:23;E;MOW-LED;2017-02-15;2017-03-15;NN;S7;NN0775-S70042;1;skyscanner;white-travel_sirena;APROW-WBSOW;2260;1185;1.3;29;0.01;100;5.73;440.74;3.65;3545;0;100;10;0;;;;OK;0;OneTwoTrip;City.Travel;;3545;4470;;1;;auto;421;;;0775-0042;1;3545
2017/03/01;06:28:23;E;MOW-LED;2017-02-15;2017-03-15;UT;U6;UT0257-U60080;1;skyscanner;;;;;;;;;;;;;;;;;;;;;;ozon.travel;City.Travel;Trip.ru;3555;4228;4289.23;1;;auto;422;;;0257-0080;;
2017/03/01;06:28:23;E;MOW-LED;2017-02-15;2017-03-15;UT;SU;UT0257-SU6011;1;skyscanner;;;;;;;;;;;;;;;;;;;;;;Kupibilet;ozon.travel;City.Travel;3590;3590;4289;1;;auto;423;;;0257-6011;;
2017/03/01;06:28:23;E;MOW-LED;2017-02-15;2017-03-15;UT;SU;UT0257-SU6015;1;skyscanner;;;;;;;;;;;;;;;;;;;;;;Kupibilet;ozon.travel;City.Travel;3590;3590;4289;1;;auto;424;;;0257-6015;;
2017/03/01;06:28:23;E;MOW-LED;2017-02-15;2017-03-15;UT;SU;UT0257-SU6027;1;skyscanner;;;;;;;;;;;;;;;;;;;;;;Kupibilet;ozon.travel;City.Travel;3590;3590;4289;1;;auto;425;;;0257-6027;;
2017/03/01;06:28:23;E;MOW-LED;2017-02-15;2017-03-15;UT;SU;UT0257-SU6013;1;skyscanner;;;;;;;;;;;;;;;;;;;;;;Kupibilet;ozon.travel;City.Travel;3590;3590;4289;1;;auto;426;;;0257-6013;;
2017/03/01;06:28:23;E;MOW-LED;2017-02-15;2017-03-15;UT;SU;UT0257-SU6021;1;skyscanner;;;;;;;;;;;;;;;;;;;;;;Kupibilet;ozon.travel;City.Travel;3590;3590;4289;1;;auto;427;;;0257-6021;;
2017/03/01;06:28:23;E;MOW-LED;2017-02-15;2017-03-15;UT;SU;UT0257-SU6025;1;skyscanner;;;;;;;;;;;;;;;;;;;;;;Kupibilet;ozon.travel;City.Travel;3590;3590;4289;1;;auto;428;;;0257-6025;;
2017/03/01;06:28:23;E;MOW-LED;2017-02-15;2017-03-15;UT;SU;UT0257-SU6037;1;skyscanner;;;;;;;;;;;;;;;;;;;;;;Kupibilet;ozon.travel;City.Travel;3590;3590;4289;1;;auto;429;;;0257-6037;;
2017/03/01;06:28:23;E;MOW-LED;2017-02-15;2017-03-15;UT;SU;UT0257-SU6031;1;skyscanner;;;;;;;;;;;;;;;;;;;;;;Kupibilet;ozon.travel;City.Travel;3590;3590;4289;1;;auto;430;;;0257-6031;;
2017/03/01;06:28:23;E;MOW-LED;2017-02-15;2017-03-15;UT;SU;UT0257-SU6033;1;skyscanner;;;;;;;;;;;;;;;;;;;;;;Kupibilet;ozon.travel;City.Travel;3590;3590;4289;1;;auto;431;;;0257-6033;;
2017/03/01;06:28:23;E;MOW-LED;2017-02-15;2017-03-15;UT;SU;UT0257-SU6035;1;skyscanner;;;;;;;;;;;;;;;;;;;;;;Kupibilet;ozon.travel;City.Travel;3590;3590;4289;1;;auto;432;;;0257-6035;;
2017/03/01;06:28:23;E;MOW-LED;2017-02-15;2017-03-15;UT;SU;UT0257-SU6019;1;skyscanner;;;;;;;;;;;;;;;;;;;;;;Kupibilet;ozon.travel;City.Travel;3590;3590;4289;1;;auto;433;;;0257-6019;;
2017/03/01;06:28:23;E;MOW-LED;2017-02-15;2017-03-15;SU;UT;SU6012-UT0490;1;skyscanner;;;;;;;;;;;;;;;;;;;;;;Kupibilet;City.Travel;;3590;4289;;1;;auto;434;;;6012-0490;;
2017/03/01;06:28:23;E;MOW-LED;2017-02-15;2017-03-15;SU;UT;SU6012-UT0382;1;skyscanner;;;;;;;;;;;;;;;;;;;;;;Kupibilet;City.Travel;;3590;4289;;1;;auto;435;;;6012-0382;;
2017/03/01;06:28:23;E;MOW-LED;2017-02-15;2017-03-15;SU;UT;SU6012-UT0360;1;skyscanner;;;;;;;;;;;;;;;;;;;;;;Kupibilet;City.Travel;;3590;4289;;1;;auto;436;;;6012-0360;;
2017/03/01;06:28:23;E;MOW-LED;2017-02-15;2017-03-15;SU;UT;SU6012-UT0370;1;skyscanner;;;;;;;;;;;;;;;;;;;;;;Kupibilet;City.Travel;;3590;4289;;1;;auto;437;;;6012-0370;;
2017/03/01;06:28:23;E;MOW-LED;2017-02-15;2017-03-15;SU;UT;SU6012-UT0258;1;skyscanner;;;;;;;;;;;;;;;;;;;;;;Kupibilet;City.Travel;;3590;4289;;1;;auto;438;;;6012-0258;;
2017/03/01;06:28:23;E;MOW-LED;2017-02-15;2017-03-15;SU;UT;SU6012-UT0384;1;skyscanner;;;;;;;;;;;;;;;;;;;;;;Kupibilet;City.Travel;;3590;4289;;1;;auto;439;;;6012-0384;;
2017/03/01;06:28:23;E;MOW-LED;2017-02-15;2017-03-15;SU;UT;SU6016-UT0490;1;skyscanner;;;;;;;;;;;;;;;;;;;;;;Kupibilet;City.Travel;;3590;4289;;1;;auto;440;;;6016-0490;;
2017/03/01;06:28:23;E;MOW-LED;2017-02-15;2017-03-15;SU;UT;SU6016-UT0382;1;skyscanner;;;;;;;;;;;;;;;;;;;;;;Kupibilet;City.Travel;;3590;4289;;1;;auto;441;;;6016-0382;;
2017/03/01;06:28:23;E;MOW-LED;2017-02-15;2017-03-15;SU;UT;SU6016-UT0360;1;skyscanner;;;;;;;;;;;;;;;;;;;;;;Kupibilet;City.Travel;;3590;4289;;1;;auto;442;;;6016-0360;;
2017/03/01;06:28:23;E;MOW-LED;2017-02-15;2017-03-15;SU;UT;SU6016-UT0370;1;skyscanner;;;;;;;;;;;;;;;;;;;;;;Kupibilet;City.Travel;;3590;4289;;1;;auto;443;;;6016-0370;;
2017/03/01;06:28:23;E;MOW-LED;2017-02-15;2017-03-15;SU;UT;SU6016-UT0258;1;skyscanner;;;;;;;;;;;;;;;;;;;;;;Kupibilet;City.Travel;;3590;4289;;1;;auto;444;;;6016-0258;;
2017/03/01;06:28:23;E;MOW-LED;2017-02-15;2017-03-15;SU;UT;SU6016-UT0384;1;skyscanner;;;;;;;;;;;;;;;;;;;;;;Kupibilet;City.Travel;;3590;4289;;1;;auto;445;;;6016-0384;;
2017/03/01;06:28:23;E;MOW-LED;2017-02-15;2017-03-15;UT;SU;UT0381-SU6011;1;skyscanner;;;;;;;;;;;;;;;;;;;;;;Kupibilet;City.Travel;;3590;4289;;1;;auto;446;;;0381-6011;;
2017/03/01;06:28:23;E;MOW-LED;2017-02-15;2017-03-15;UT;SU;UT0381-SU6015;1;skyscanner;;;;;;;;;;;;;;;;;;;;;;Kupibilet;City.Travel;;3590;4289;;1;;auto;447;;;0381-6015;;
2017/03/01;06:28:23;E;MOW-LED;2017-02-15;2017-03-15;UT;SU;UT0381-SU6027;1;skyscanner;;;;;;;;;;;;;;;;;;;;;;Kupibilet;City.Travel;;3590;4289;;1;;auto;448;;;0381-6027;;
2017/03/01;06:28:23;E;MOW-LED;2017-02-15;2017-03-15;UT;SU;UT0381-SU6013;1;skyscanner;;;;;;;;;;;;;;;;;;;;;;Kupibilet;City.Travel;;3590;4289;;1;;auto;449;;;0381-6013;;
2017/03/01;06:28:23;E;MOW-LED;2017-02-15;2017-03-15;UT;SU;UT0381-SU6021;1;skyscanner;;;;;;;;;;;;;;;;;;;;;;Kupibilet;City.Travel;;3590;4289;;1;;auto;450;;;0381-6021;;
2017/03/01;06:28:23;E;MOW-LED;2017-02-15;2017-03-15;UT;SU;UT0381-SU6025;1;skyscanner;;;;;;;;;;;;;;;;;;;;;;Kupibilet;City.Travel;;3590;4289;;1;;auto;451;;;0381-6025;;
2017/03/01;06:28:23;E;MOW-LED;2017-02-15;2017-03-15;UT;SU;UT0381-SU6037;1;skyscanner;;;;;;;;;;;;;;;;;;;;;;Kupibilet;City.Travel;;3590;4289;;1;;auto;452;;;0381-6037;;
2017/03/01;06:28:23;E;MOW-LED;2017-02-15;2017-03-15;UT;SU;UT0381-SU6031;1;skyscanner;;;;;;;;;;;;;;;;;;;;;;Kupibilet;City.Travel;;3590;4289;;1;;auto;453;;;0381-6031;;
2017/03/01;06:28:23;E;MOW-LED;2017-02-15;2017-03-15;UT;SU;UT0381-SU6033;1;skyscanner;;;;;;;;;;;;;;;;;;;;;;Kupibilet;City.Travel;;3590;4289;;1;;auto;454;;;0381-6033;;
2017/03/01;06:28:23;E;MOW-LED;2017-02-15;2017-03-15;UT;SU;UT0381-SU6035;1;skyscanner;;;;;;;;;;;;;;;;;;;;;;Kupibilet;City.Travel;;3590;4289;;1;;auto;455;;;0381-6035;;
2017/03/01;06:28:23;E;MOW-LED;2017-02-15;2017-03-15;UT;SU;UT0381-SU6019;1;skyscanner;;;;;;;;;;;;;;;;;;;;;;Kupibilet;City.Travel;;3590;4289;;1;;auto;456;;;0381-6019;;
2017/03/01;06:28:23;E;MOW-LED;2017-02-15;2017-03-15;UT;SU;UT0369-SU6011;1;skyscanner;;;;;;;;;;;;;;;;;;;;;;Kupibilet;City.Travel;;3590;4289;;1;;auto;457;;;0369-6011;;
2017/03/01;06:28:23;E;MOW-LED;2017-02-15;2017-03-15;UT;SU;UT0369-SU6015;1;skyscanner;;;;;;;;;;;;;;;;;;;;;;Kupibilet;City.Travel;;3590;4289;;1;;auto;458;;;0369-6015;;
2017/03/01;06:28:23;E;MOW-LED;2017-02-15;2017-03-15;UT;SU;UT0369-SU6027;1;skyscanner;;;;;;;;;;;;;;;;;;;;;;Kupibilet;City.Travel;;3590;4289;;1;;auto;459;;;0369-6027;;
2017/03/01;06:28:23;E;MOW-LED;2017-02-15;2017-03-15;UT;SU;UT0369-SU6013;1;skyscanner;;;;;;;;;;;;;;;;;;;;;;Kupibilet;City.Travel;;3590;4289;;1;;auto;460;;;0369-6013;;
2017/03/01;06:28:23;E;MOW-LED;2017-02-15;2017-03-15;UT;SU;UT0369-SU6021;1;skyscanner;;;;;;;;;;;;;;;;;;;;;;Kupibilet;City.Travel;;3590;4289;;1;;auto;461;;;0369-6021;;
2017/03/01;06:28:23;E;MOW-LED;2017-02-15;2017-03-15;UT;SU;UT0369-SU6025;1;skyscanner;;;;;;;;;;;;;;;;;;;;;;Kupibilet;City.Travel;;3590;4289;;1;;auto;462;;;0369-6025;;
2017/03/01;06:28:23;E;MOW-LED;2017-02-15;2017-03-15;UT;SU;UT0369-SU6037;1;skyscanner;;;;;;;;;;;;;;;;;;;;;;Kupibilet;City.Travel;;3590;4289;;1;;auto;463;;;0369-6037;;
2017/03/01;06:28:23;E;MOW-LED;2017-02-15;2017-03-15;UT;SU;UT0369-SU6031;1;skyscanner;;;;;;;;;;;;;;;;;;;;;;Kupibilet;City.Travel;;3590;4289;;1;;auto;464;;;0369-6031;;
2017/03/01;06:28:23;E;MOW-LED;2017-02-15;2017-03-15;UT;SU;UT0369-SU6033;1;skyscanner;;;;;;;;;;;;;;;;;;;;;;Kupibilet;City.Travel;;3590;4289;;1;;auto;465;;;0369-6033;;
2017/03/01;06:28:23;E;MOW-LED;2017-02-15;2017-03-15;UT;SU;UT0369-SU6035;1;skyscanner;;;;;;;;;;;;;;;;;;;;;;Kupibilet;City.Travel;;3590;4289;;1;;auto;466;;;0369-6035;;
2017/03/01;06:28:23;E;MOW-LED;2017-02-15;2017-03-15;UT;SU;UT0369-SU6019;1;skyscanner;;;;;;;;;;;;;;;;;;;;;;Kupibilet;City.Travel;;3590;4289;;1;;auto;467;;;0369-6019;;
2017/03/01;06:28:23;E;MOW-LED;2017-02-15;2017-03-15;UT;SU;UT0359-SU6011;1;skyscanner;;;;;;;;;;;;;;;;;;;;;;Kupibilet;City.Travel;;3590;4289;;1;;auto;468;;;0359-6011;;
2017/03/01;06:28:23;E;MOW-LED;2017-02-15;2017-03-15;UT;SU;UT0359-SU6015;1;skyscanner;;;;;;;;;;;;;;;;;;;;;;Kupibilet;City.Travel;;3590;4289;;1;;auto;469;;;0359-6015;;
2017/03/01;06:28:23;E;MOW-LED;2017-02-15;2017-03-15;UT;SU;UT0359-SU6027;1;skyscanner;;;;;;;;;;;;;;;;;;;;;;Kupibilet;City.Travel;;3590;4289;;1;;auto;470;;;0359-6027;;
